@article{Huang2016,
    title = {{A Control Middleware for Cloud Robotics}},
    year = {2016},
    author = {Huang, Chunxin and Zhang, Lei and Liu, Tengfei and Picardie, Universite De and Verne, Jules and Background, A},
    number = {August},
    pages = {1907--1912},
    isbn = {9781509041022}
}

@article{Varadharajan2010,
    title = {{A low-cost automated trap to measure bubbling gas fluxes}},
    shorttitle = {A low-cost automated trap to measure bubbling gas},
    year = {2010},
    journal = {Limnology and Oceanography: Methods},
    author = {Varadharajan, Charuleka and Hermosillo, Richard and Hemond, Harold F.},
    number = {7},
    month = {7},
    pages = {363--375},
    volume = {8},
    url = {http://doi.wiley.com/10.4319/lom.2010.8.363},
    isbn = {1541-5856},
    doi = {10.4319/lom.2010.8.363},
    issn = {15415856},
    language = {en}
}

@article{Varadharajan2010a,
    title = {{A low-cost automated trap to measure bubbling gas fluxes}},
    shorttitle = {A low-cost automated trap to measure bubbling gas},
    year = {2010},
    journal = {Limnology and Oceanography: Methods},
    author = {Varadharajan, Charuleka and Hermosillo, Richard and Hemond, Harold F.},
    number = {7},
    month = {7},
    pages = {363--375},
    volume = {8},
    url = {http://doi.wiley.com/10.4319/lom.2010.8.363},
    isbn = {1541-5856},
    doi = {10.4319/lom.2010.8.363},
    issn = {15415856},
    language = {en}
}

@article{Varadharajan2010b,
    title = {{A low-cost automated trap to measure bubbling gas fluxes: Measuring methane ebullition}},
    shorttitle = {A low-cost automated trap to measure bubbling gas },
    year = {2010},
    journal = {Limnology and Oceanography: Methods},
    author = {Varadharajan, Charuleka and Hermosillo, Richard and Hemond, Harold F.},
    number = {7},
    month = {7},
    pages = {363--375},
    volume = {8},
    url = {http://doi.wiley.com/10.4319/lom.2010.8.363},
    doi = {10.4319/lom.2010.8.363},
    issn = {15415856},
    language = {en}
}

@book{Murray1994,
    title = {{A Mathematical Introduction to Robotic Manipulation}},
    year = {1994},
    booktitle = {Book},
    author = {Murray, Richard M and Li, Zexiang and Sastry, S Shankar},
    pages = {480},
    volume = {29},
    url = {http://scholar.google.com/scholar?hl=en&btnG=Search&q=intitle:A+Mathematical+Introduction+to+Robotic+Manipulation#0},
    isbn = {9780849379819},
    doi = {10.1.1.169.3957},
    issn = {0849379814},
    pmid = {2997678},
    arxivId = {0712.0689}
}

@article{Delwiche2015,
    title = {{A novel optical sensor designed to measure methane bubble sizes in situ}},
    shorttitle = {A novel optical sensor designed to measure methane},
    year = {2015},
    journal = {Limnology and Oceanography-Methods},
    author = {Delwiche, K and Senft-Grupp, S and Hemond, H},
    number = {12},
    month = {12},
    pages = {712--721},
    volume = {13},
    isbn = {1541-5856},
    doi = {10.1002/lom3.10060},
    issn = {15415856},
    keywords = {ebullition, emissions, fluxes, lake, spatial heterogeneity, transport},
    language = {en}
}

@article{Delwiche2015a,
    title = {{A novel optical sensor designed to measure methane bubble sizes in situ}},
    shorttitle = {A novel optical sensor designed to measure methane},
    year = {2015},
    journal = {Limnology and Oceanography-Methods},
    author = {Delwiche, Kyle and Senft-Grupp, Schuyler and Hemond, Harold},
    number = {12},
    month = {12},
    pages = {712--721},
    volume = {13},
    url = {http://doi.wiley.com/10.1002/lom3.10060},
    isbn = {1541-5856},
    doi = {10.1002/lom3.10060},
    issn = {15415856},
    keywords = {ebullition, emissions, fluxes, lake, spatial heterogeneity, transport},
    language = {en}
}

@article{Delwiche2015b,
    title = {{A novel optical sensor designed to measure methane bubble sizes in situ: Sensor to measure CH <sub>4</sub> bubble sizes}},
    shorttitle = {A novel optical sensor designed to measure methane},
    year = {2015},
    journal = {Limnology and Oceanography: Methods},
    author = {Delwiche, Kyle and Senft-Grupp, Schuyler and Hemond, Harold},
    number = {12},
    month = {12},
    pages = {712--721},
    volume = {13},
    url = {http://doi.wiley.com/10.1002/lom3.10060},
    doi = {10.1002/lom3.10060},
    issn = {15415856},
    language = {en}
}

@article{Huttunen2001,
    title = {{A novel sediment gas sampler and a subsurface gas collector used for measurement of the ebullition of methane and carbon dioxide from a eutrophied lake}},
    year = {2001},
    journal = {Science of The Total Environment},
    author = {Huttunen, Jari T. and Lappalainen, K.Matti and Saarij{\"{a}}rvi, Erkki and V{\"{a}}is{\"{a}}nen, Tero and Martikainen, Pertti J.},
    number = {1},
    pages = {153--158},
    volume = {266},
    url = {http://www.sciencedirect.com.proxy.lib.pdx.edu/science/article/pii/S004896970000749X},
    doi = {10.1016/S0048-9697(00)00749-X},
    issn = {00489697}
}

@article{BKehoeSPatil2010,
    title = {{A survey of research on cloud robotics and automation}},
    year = {2010},
    author = {B Kehoe S Patil, P Abbeel K Goldberg},
    pages = {1--11},
    keywords = {cloud, robot, robotics, search, survey}
}

@article{Transactions2015,
    title = {{A survey of research on cloud robotics and automation}},
    year = {2015},
    journal = {IEEE Transactions on Automation Science and Engineering},
    author = {Bates, Maxwell and Berliner, Aaron J. and Lachoff, Joe and Jaschke, Paul R. and Groban, Eli S. and Ahmad, Aakash and Babar, Muhammad Ali and B Kehoe S Patil, P Abbeel K Goldberg and Transactions, Ieee and Automation, O N},
    number = {2},
    month = {1},
    pages = {396--397},
    volume = {12},
    publisher = {Elsevier Inc.},
    url = {http://dx.doi.org/10.1016/j.jss.2016.08.039 http://pubs.acs.org/doi/abs/10.1021/acssynbio.6b00108},
    isbn = {0164-1212},
    doi = {10.1109/TASE.2015.2409511},
    issn = {01641212},
    keywords = {Evidence-based software engineering, Robotic systems, Software architecture, Software architecture for robotics, Systematic mapping study, cloud, robot, robotics, search, survey}
}

@article{Kehoe2015,
    title = {{A Survey of Research on Cloud Robotics and Automation}},
    year = {2015},
    journal = {IEEE Transactions on Automation Science and Engineering},
    author = {Kehoe, Ben and Patil, Sachin and Abbeel, Pieter and Goldberg, Ken},
    number = {2},
    pages = {398--409},
    volume = {12},
    isbn = {1545-5955 VO - 12},
    doi = {10.1109/TASE.2014.2376492},
    issn = {15455955},
    keywords = {Big data, cloud automation, cloud computing, cloud robotics, crowdsourcing, open source}
}

@article{hunter,
    title = {{A Teleoperated Microsurgical Robot and Associated Virtual Environment for Eye Surgery}},
    year = {1993},
    journal = {Presence: Teleoperators and Virtual Environments},
    author = {Hunter, Ian W. and Doukoglou, Tilemachos D. and Lafontaine, Serge R. and Charette, Paul G. and Jones, Lynette A. and Sagar, Mark A. and Mallinson, Gordon D. and Hunter, Peter J.},
    number = {4},
    month = {1},
    pages = {265--280},
    volume = {2},
    url = {http://www.mitpressjournals.org/doi/10.1162/pres.1993.2.4.265},
    doi = {10.1162/pres.1993.2.4.265},
    issn = {1054-7460}
}

@article{Wang22016,
    title = {{Active Sensing Data Collection with Autonomous Mobile Robots}},
    year = {2016},
    journal = {IEEE International Conference on Robotics {\&} Automation},
    author = {Wang, Richard and Veloso, Manuela and Seshan, Srinivasan},
    pages = {2583--2588},
    isbn = {9781467380256},
    doi = {10.1109/ICRA.2016.7487415},
    issn = {10504729}
}

@book{Matson2010,
    title = {{Advancing the Science of Climate Change}},
    year = {2010},
    booktitle = {Change},
    author = {Matson, Pamela A},
    pages = {506},
    url = {http://www.nap.edu/catalog/12782.html},
    isbn = {9780309145886},
    doi = {10.17226/12782},
    issn = {00319228},
    pmid = {4860352}
}

@article{NRC20102010,
    title = {{Advancing the Science of Climate Change}},
    year = {2010},
    journal = {The National Academies Press},
    author = {{NRC (2010)}},
    pages = {1--4},
    isbn = {9780309145886}
}

@inproceedings{B.E.Coffman1J.E.Fesmire1S.White2G.Gould2,
    title = {{Aerogel blanket insulation materials for cryogenic applications}},
    year = {2010},
    booktitle = {AIP Conference Proceedings},
    author = {Coffman, B. E. and Fesmire, J. E. and White, S. and Gould, G. and Augustynowicz, S.},
    pages = {913--920},
    volume = {1218},
    isbn = {9780735407619},
    doi = {10.1063/1.3422458},
    issn = {0094243X},
    keywords = {Aerogel, Composite materials, Cryogenic tanks, Liquid nitrogen boil-off, Thermal conductivity, Thermal insulation}
}

@article{VonMammen2016,
    title = {{An Organic Computing Approach to Self-Organizing Robot Ensembles}},
    year = {2016},
    journal = {Frontiers in Robotics and AI},
    author = {von Mammen, Sebastian and Tomforde, Sven and H{\"{a}}hner, JÃ¶rg},
    number = {November},
    pages = {67},
    volume = {3},
    url = {http://journal.frontiersin.org/article/10.3389/frobt.2016.00067/full},
    doi = {10.3389/frobt.2016.00067},
    issn = {2296-9144},
    keywords = {adaptive systems, as well, classifier systems, complex technical environment, controller architecture, evolutionary, from an ever more, in order to benefit, its behavioral autonomy, needs to increase appropriately, observer, only then may it, organic computing, organic computing, adaptive systems, observer/cont, requiring, robot ensembles, robotics, serve its users without}
}

@article{Lawrence2006a,
    title = {{Analytical detection methodologies for methane and related hydrocarbons}},
    year = {2006},
    journal = {Talanta},
    author = {Lawrence, Nathan S.},
    number = {2 SPEC. ISS.},
    month = {4},
    pages = {385--392},
    volume = {69},
    url = {http://linkinghub.elsevier.com/retrieve/pii/S0039914005006739},
    isbn = {1873-3573 (Electronic){\textbackslash}n0039-9140 (Linking)},
    doi = {10.1016/j.talanta.2005.10.005},
    issn = {00399140},
    pmid = {18970578},
    keywords = {Analytical, Detection, Hydrocarbon, Methane, Review},
    language = {en}
}

@article{Sayres2016,
    title = {{Arctic Regional Methane Fluxes by Ecotope as Derived Using Eddy Covariance from a Low Flying Aircraft}},
    year = {2016},
    journal = {Atmospheric Chemistry and Physics Discussions},
    author = {Sayres, David S. and Dobosy, Ron and Healy, Claire and Dumas, Ed and Kochendorfer, John and Munster, Jason and Wilkerson, Jordan and Baker, Bruce and Anderson, James},
    number = {September},
    pages = {1--21},
    url = {http://www.atmos-chem-phys-discuss.net/acp-2016-862/},
    doi = {10.5194/acp-2016-862},
    issn = {1680-7375}
}

@misc{Ransohoff1992,
    title = {{Automated bubble trap}},
    year = {1992},
    author = {Ransohoff, T C},
    url = {http://www.senect.de/abt/}
}

@article{Duc2013,
    title = {{Automated flux chamber for investigating gas flux at water-air interfaces}},
    year = {2013},
    journal = {Environmental Science and Technology},
    author = {Duc, Nguyen Thanh and Silverstein, Samuel and Lundmark, Lars and Reyier, Henrik and Crill, Patrick and Bastviken, David},
    number = {2},
    pages = {968--975},
    volume = {47},
    isbn = {0013-936X},
    doi = {10.1021/es303848x},
    issn = {0013936X},
    pmid = {23237495}
}

@techreport{norton,
    title = {{Autonomous vehicles The legal landscape in the US and Germany}},
    year = {2016},
    author = {{Norton Rose Fulbright}}
}

@article{Wik2016,
    title = {{Biased sampling of methane release from northern lakes: A problem for extrapolation}},
    year = {2016},
    journal = {Geophysical Research Letters},
    author = {Wik, Martin and Thornton, Brett F. and Bastviken, David and Uhlb??ck, Jo and Crill, Patrick M.},
    number = {3},
    month = {2},
    pages = {1256--1262},
    volume = {43},
    url = {http://doi.wiley.com/10.1002/2015GL066501},
    doi = {10.1002/2015GL066501},
    issn = {19448007},
    keywords = {diffusion, ebullition, methane, northern lakes, sampling bias, subarctic}
}

@article{Barros2011a,
    title = {{Carbon emission from hydroelectric reservoirs linked to reservoir age and latitude}},
    year = {2011},
    journal = {Nature Geoscience},
    author = {Barros, Nathan and Cole, Jonathan J. and Tranvik, Lars J. and Prairie, Yves T. and Bastviken, David and Huszar, Vera L. M. and del Giorgio, Paul and Roland, FÃ¡bio},
    number = {9},
    month = {7},
    pages = {593--596},
    volume = {4},
    url = {http://dx.doi.org/10.1038/ngeo1211},
    isbn = {1752-0894},
    doi = {10.1038/ngeo1211},
    issn = {1752-0894}
}

@article{Barros2011b,
    title = {{Carbon emission from hydroelectric reservoirs linked to reservoir age and latitude}},
    year = {2011},
    journal = {Nature Geoscience},
    author = {Barros, Nathan and Cole, Jonathan J. and Tranvik, Lars J. and Prairie, Yves T. and Bastviken, David and Huszar, Vera L. M. and del Giorgio, Paul and Roland, FÃ¡bio},
    number = {9},
    pages = {593--596},
    volume = {4},
    publisher = {Nature Publishing Group},
    url = {http://dx.doi.org/10.1038/ngeo1211},
    isbn = {1752-0894},
    doi = {10.1038/ngeo1211},
    issn = {1752-0894}
}

@article{Tubing,
    title = {{Chemical Compatibility of Polyurethane , Polypropylene , EVA , and Polycarbonate Tubing Key to Ratings Key to Exceptions For Use with Air and Water Only}},
    author = {Tubing, Low-temperature White E V A}
}

@book{Edenhofer2014,
    title = {{Climate Change 2014: Mitigation of Climate Change}},
    year = {2014},
    booktitle = {Working Group III Contribution to the Fifth Assessment Report of the Intergovernmental Panel on Climate Change},
    author = {Edenhofer, Ottmar and Pichs-Madruga, Ramon and Sokona, Youba and Minx, Jan C. and Farahani, Ellie and Susanne, Kadner and Seyboth, Kristin and Adler, Anna and Baum, Ina and Brunner, Steffen and Eickemeier, Patrick and Kriemann, Benjamin and Savolainen, Jussi and Schlomer, Steffen and von Stechow, Christoph and Zwickel, Timm},
    pages = {1454},
    url = {http://www.ipcc.ch/report/ar5/wg3/},
    isbn = {9781107654815},
    doi = {10.1017/CBO9781107415416}
}

@article{Edwards2014,
    title = {{Climate impacts of energy technologies depend on emissions timing}},
    year = {2014},
    journal = {Nature Climate Change},
    author = {Edwards, M R and Trancik, J E},
    number = {5},
    pages = {347--352},
    volume = {4},
    url = {https://www.scopus.com/inward/record.uri?eid=2-s2.0-84899560046&partnerID=40&md5=ec21057688b01856131fdb176b94c53f},
    isbn = {1758-678X},
    doi = {10.1038/nclimate2204},
    issn = {1758678X (ISSN)},
    keywords = {advanced technology, alga, biofuel, climate effect, global warming, greenhouse gas, methane, mitigation, radiative forcing}
}

@article{Goldberg2013,
    title = {{Cloud Robotics and Automation:A Survey of Related Work}},
    year = {2013},
    journal = {{\ldots} Tech. Rep. UCB/EECS-2013-5},
    author = {Goldberg, Ken and Kehoe, B},
    pages = {1--12},
    url = {http://digitalassets.lib.berkeley.edu/techreports/ucb/text/EECS-2013-5.pdf%5Cnhttp://www.eecs.berkeley.edu/Pubs/TechRpts/2013/EECS-2013-5.html},
    isbn = {UCB/EECS-2013-5}
}

@article{Hu2012a,
    title = {{Cloud robotics: Architecture, challenges and applications}},
    year = {2012},
    journal = {IEEE Network},
    author = {Hu, Guoqiang and Tay, Wee Peng and Wen, Yonggang},
    number = {3},
    pages = {21--28},
    volume = {26},
    isbn = {0890-8044 VO - 26},
    doi = {10.1109/MNET.2012.6201212},
    issn = {08908044}
}

@article{Hu2012,
    title = {{Cloud robotics: Architecture, challenges and applications}},
    year = {2012},
    journal = {IEEE Network},
    author = {Hu, Guoqiang and Tay, Wee Peng and Wen, Yonggang},
    number = {3},
    pages = {21--28},
    volume = {26},
    isbn = {0890-8044 VO - 26},
    doi = {10.1109/MNET.2012.6201212},
    issn = {08908044}
}

@article{Wan2016,
    title = {{Cloud robotics: Current status and open issues}},
    year = {2016},
    journal = {IEEE Access},
    author = {Wan, Jiafu and Tang, Shenglong and Yan, Hehua and Li, Di and Wang, Shiyong and Vasilakos, Athanasios V.},
    pages = {2797--2807},
    volume = {4},
    isbn = {2169-3536 VO - 4},
    doi = {10.1109/ACCESS.2016.2574979},
    issn = {21693536},
    keywords = {big data, cloud computing, cloud robotics, internet of things, open source}
}

@article{Kehoe2013,
    title = {{Cloud-based robot grasping with the google object recognition engine}},
    year = {2013},
    journal = {Proceedings - IEEE International Conference on Robotics and Automation},
    author = {Kehoe, Ben and Matsukawa, Akihiro and Candido, Sal and Kuffner, James and Goldberg, Ken},
    pages = {4263--4270},
    isbn = {9781467356411},
    doi = {10.1109/ICRA.2013.6631180},
    issn = {10504729}
}

@article{Kehoe2013a,
    title = {{Cloud-based robot grasping with the google object recognition engine}},
    year = {2013},
    journal = {Proceedings - IEEE International Conference on Robotics and Automation},
    author = {Kehoe, Ben and Matsukawa, Akihiro and Candido, Sal and Kuffner, James and Goldberg, Ken},
    pages = {4263--4270},
    isbn = {9781467356411},
    doi = {10.1109/ICRA.2013.6631180},
    issn = {10504729}
}

@incollection{Cadrik2017,
    title = {{Cloud-Based Robots and Intelligent Space Teleoperation Tools}},
    year = {2017},
    author = {C{\'{a}}drik, TomÃ¡Å¡ and Tak{\'{a}}{\v{c}}, Peter and Ondo, Jaroslav and Sin{\v{c}}{\'{a}}k, Peter and Mach, MariÃ¡n and Jakab, FrantiÅ¡ek and Cavallo, Filippo and Bonaccorsi, Manuele},
    pages = {599--610},
    url = {http://link.springer.com/10.1007/978-3-319-31293-4_49},
    doi = {10.1007/978-3-319-31293-4{\_}49}
}

@inproceedings{kuffner2010,
    title = {{Cloud-Enabled Robots}},
    year = {2010},
    booktitle = {IEEE-RAS International Conference on Humanoid Robots},
    author = {Kuffner, James}
}

@article{Rahman2016,
    title = {{Cloud-Enhanced Robotic System for Smart City Crowd Control}},
    year = {2016},
    journal = {Journal of Sensor and Actuator Networks},
    author = {Rahman, Akhlaqur and Jin, Jiong and Cricenti, Antonio and Rahman, Ashfaqur and Palaniswami, Marimuthu and Luo, Tie},
    number = {4},
    month = {12},
    pages = {20},
    volume = {5},
    url = {http://www.mdpi.com/2224-2708/5/4/20},
    doi = {10.3390/jsan5040020},
    issn = {2224-2708}
}

@article{Schultz,
    title = {{Compression Behavior of Fluted-Core Composite Panels}},
    author = {Schultz, Marc R and Corporation, Lockheed Martin},
    pages = {1--16},
    isbn = {9781600869518},
    doi = {10.2514/6.2011-2170},
    issn = {02734508}
}

@article{Cga,
    title = {{Connect Your Dewar Index Bi-Lok Tube Fittings for Fast Hookup Transfer}},
    author = {Cga, Adapter}
}

@inproceedings{Tobergte2013,
    title = {{Context-aware user-driven news recommendation}},
    year = {2015},
    booktitle = {CEUR Workshop Proceedings},
    author = {Ingvaldsen, Jon Espen and ??zg??bek, ??zlem and Gulla, Jon Atle},
    number = {9},
    pages = {33--36},
    volume = {1542},
    isbn = {9788578110796},
    doi = {10.1017/CBO9781107415324.004},
    issn = {16130073},
    pmid = {25246403},
    arxivId = {arXiv:1011.1669v3},
    keywords = {Mobile, Named entity disambiguation, Natural language processing, News, Recommender system}
}

@inproceedings{Ingvaldsen2015,
    title = {{Context-aware user-driven news recommendation}},
    year = {2015},
    booktitle = {CEUR Workshop Proceedings},
    author = {Ingvaldsen, Jon Espen and ??zg??bek, ??zlem and Gulla, Jon Atle},
    pages = {33--36},
    volume = {1542},
    isbn = {9788578110796},
    doi = {10.1017/CBO9781107415324.004},
    issn = {16130073},
    pmid = {25246403},
    arxivId = {arXiv:1011.1669v3},
    keywords = {Mobile, Named entity disambiguation, Natural language processing, News, Recommender system}
}

@inproceedings{Ingvaldsen2015a,
    title = {{Context-aware user-driven news recommendation}},
    year = {2015},
    booktitle = {CEUR Workshop Proceedings},
    author = {Ingvaldsen, Jon Espen and ??zg??bek, ??zlem and Gulla, Jon Atle},
    pages = {33--36},
    volume = {1542},
    isbn = {9788578110796},
    doi = {10.1017/CBO9781107415324.004},
    issn = {16130073},
    pmid = {25246403},
    arxivId = {arXiv:1011.1669v3},
    keywords = {Mobile, Named entity disambiguation, Natural language processing, News, Recommender system}
}

@article{Delwiche2015c,
    title = {{Context-aware user-driven news recommendation}},
    shorttitle = {A novel optical sensor designed to measure methane},
    year = {2015},
    journal = {Limnology and Oceanography: Methods},
    author = {Zohary, Tamar and Ostrovsky, Ilia and {Working Group III of IPCC} and Vidal, Ricardo and Varadharajan, Charuleka and Hermosillo, Richard and Hemond, Harold F. and US EPA, Climate Change Division and Shields, Joseph P and Elwood, Leslie and Shiba, Jacob and Anderson, Michael A. and Sickman, James and Ying, Samantha and {Ricardo} and Ransohoff, T C and Melorose, J. and Perroy, R. and Careas, S. and McGinnis, Daniel F. and Greinert, J. and Artemov, Y. and Beaubien, S. E. and W{\"{u}}est, A. and Lawrence, Nathan S. and Johnson, Theodore F and Sleight, David W and Martin, Robert A and Ingvaldsen, Jon Espen and ??zg??bek, ??zlem and Gulla, Jon Atle and Green, Leila and Eugster, W. and Kling, G. W. and Delwiche, Kyle and Senft-Grupp, Schuyler and Hemond, Harold F. and Delsontro, Tonya and McGinnis, Daniel F. and Sobek, Sebastian and Ostrovsky, Ilia and Wehrli, Bernhard and {Center for History and New Media} and Barros, Nathan and Cole, Jonathan J. and Tranvik, Lars J. and Prairie, Yves T. and Bastviken, David and Huszar, Vera L. M. and del Giorgio, Paul and Roland, FÃ¡bio},
    number = {9},
    month = {7},
    pages = {712--721},
    series = {AIAA SPACE Forum},
    volume = {13},
    publisher = {American Institute of Aeronautics and Astronautics},
    url = {http://dx.doi.org/10.1038/ngeo1211 http://zotero.org/support/quick_start_guide http://pubs.acs.org/doi/abs/10.1021/es9031369 http://doi.wiley.com/10.1002/lom3.10060 http://www.atmos-meas-tech.net/5/1925/2012/ http://apps.webofknowledge.com.proxy.lib.pdx.},
    isbn = {1541-5856},
    doi = {10.1017/CBO9781107415324.004},
    issn = {15415856},
    pmid = {25246403},
    arxivId = {arXiv:1011.1669v3},
    keywords = {Analytical, Detection, Hydrocarbon, Methane, Mobile, Named entity disambiguation, Natural language processing, News, Recommender system, Review, climate change, deep lakes, ebullition, emissions, fluxes, habitat complexity, icle, internal nutrient loading, lake, lake constance, lake kinneret, littoral, littoral-pelagic coupling, spatial heterogeneity, stratified lakes, transport, water level fluctuations},
    language = {en}
}

@article{Wan2014,
    title = {{Context-aware vehicular cyber-physical systems with cloud support: Architecture, challenges, and solutions}},
    year = {2014},
    journal = {IEEE Communications Magazine},
    author = {Wan, Jiafu and Zhang, Daqiang and Zhao, Shengjie and Yang, Laurence and Lloret, Jaime},
    number = {8},
    pages = {106--113},
    volume = {52},
    isbn = {0163-6804},
    doi = {10.1109/MCOM.2014.6871677},
    issn = {01636804}
}

@article{Bousquet2006,
    title = {{Contribution of anthropogenic and natural sources to atmospheric methane variability.}},
    year = {2006},
    journal = {Nature},
    author = {Bousquet, Philippe and Ciais, Philippe and Miller, J B and Dlugokencky, Edward J. and Hauglustaine, D A and Prigent, C and Van der Werf, G R and Peylin, P and Brunke, E-G and Carouge, C and Langenfelds, R L and Lathi{\`{e}}re, J and Papa, F and Ramonet, M and Schmidt, M and Steele, L P and Tyler, S C and White, J},
    number = {7110},
    pages = {439--43},
    volume = {443},
    url = {http://dx.doi.org/10.1038/nature05132},
    isbn = {0028-0836},
    doi = {10.1038/nature05132},
    issn = {1476-4687},
    pmid = {17006511},
    keywords = {Atmosphere, Atmosphere: chemistry, Biomass, Fossil Fuels, Greenhouse Effect, Human Activities, Hydroxyl Radical, Hydroxyl Radical: chemistry, Methane, Methane: analysis, Methane: metabolism, Time Factors}
}

@article{Publication,
    title = {{Cryogenic Foam Insukhn}},
    author = {Publication, Nasa Reference},
    number = {September 1977}
}

@article{Fesmire2005,
    title = {{Cryogenic thermal insulation systems}},
    year = {2005},
    journal = {16th Thermal and Fluids Analysis Workshop},
    author = {Fesmire, James E. and Augustynowicz, Stan D.}
}

@article{Inaba,
    title = {{Department of Mechano-Informatics The University of Tokyo 7-3-1 Hongo, Bunkyo-ku, Tokyo, Japan}},
    author = {Inaba, Masayuki and Kagami, Satoshi and Kanehiro, Fumio and Hoshino, Yukiko and Inoue, Hirochika},
    keywords = {autonomous agent, hu-, manoid, robot architecture, whole-body behaviors}
}

@article{Rahman2014,
    title = {{Design , Construction {\&} Performance Test of a Rotational Digital viscometer}},
    year = {2014},
    author = {Rahman, Mahbubur and Islam, Rasedul and Rana, G M Sultan Mahmud and Halder, Mihir Ranjan and Hassan, Tareq},
    pages = {1--6},
    keywords = {correction coefficient, materials, temperature, viscometer, viscosity}
}

@article{Student2014,
    title = {{Design Analysis and Optimization of LOX Tank Using Finite Element Method â A Review Paper}},
    year = {2014},
    author = {Student, M E},
    number = {7},
    pages = {155--157},
    volume = {1},
    keywords = {{\_}{\_}{\_}{\_}{\_}{\_}{\_}{\_}{\_}{\_}{\_}{\_}{\_}{\_}{\_}{\_}{\_}{\_}{\_}{\_}{\_}{\_}{\_}{\_}{\_}{\_}{\_}{\_}{\_}{\_}{\_}{\_}{\_}{\_}{\_}{\_}{\_}{\_}{\_}{\_}{\_}{\_}{\_}{\_}{\_}{\_}{\_}{\_}{\_}{\_}, fem, lox tank, support structure}
}

@article{Martin1998,
    title = {{Design and Analysis of a Pressurized Composite Fuel Tank}},
    year = {1998},
    author = {Martin, Andrew L and OH, A I R FORCE INST O F TECH WRIGHT-PATTERSONAFB},
    keywords = {Fuels. Pressure vessels. Fuel tanks. Composite str}
}

@article{Shields2014,
    title = {{Design and Manufacture of an Open-Hardware University Rocket Airframe using Carbon Fiber}},
    year = {2014},
    author = {Shields, Joe and Elwood, Leslie},
    pages = {1--8}
}

@incollection{Shields2016,
    title = {{Design and Manufacture of an Open-Hardware University Rocket Airframe using Carbon Fiber}},
    year = {2016},
    booktitle = {AIAA SPACE 2016},
    author = {Shields, Joseph P and Elwood, Leslie},
    month = {9},
    series = {AIAA SPACE Forum},
    publisher = {American Institute of Aeronautics and Astronautics},
    url = {http://dx.doi.org/10.2514/6.2016-5365},
    doi = {doi:10.2514/6.2016-5365}
}

@misc{Schmidt2016,
    title = {{Design Optimization for a Student-Built Sub-Orbital Rocket}},
    year = {2016},
    author = {Schmidt, Erin S and Zabel, Ian},
    url = {https://github.com/psas/liquid-engine-analysis/blob/master/optimization/LV4_optimization_white_paper.pdf}
}

@article{Pereira1990,
    title = {{Detection in Composites}},
    year = {1990},
    author = {Pereira, J Michael and Generazio, Edward R}
}

@article{Society2016,
    title = {{Determination of the Viscosity of Water Author ( s ): A . Mallock Source : Proceedings of the Royal Society of London , Vol . 45 ( 1888 - 1889 ), pp . 126-132 Published by : Royal Society Stable URL : http://www.jstor.org/stable/114859 Royal Society of Lo}},
    year = {2016},
    author = {Society, Royal},
    pages = {126--132},
    volume = {45}
}

@misc{SENECT2016,
    title = {{Die Automated Bubble Trap (ABT) http://www.senect.de/abt/}},
    year = {2016},
    author = {{Senect}},
    url = {http://www.senect.de/abt/}
}

@article{Zohary2011a,
    title = {{Ecological impacts of excessive water level fluctuations in stratified freshwater lakes}},
    year = {2011},
    journal = {Inland Waters},
    author = {Zohary, Tamar and Ostrovsky, Ilia},
    number = {1},
    month = {4},
    pages = {47--59},
    volume = {1},
    url = {https://www.fba.org.uk/journals/index.php/IW/article/viewFile/406/254},
    isbn = {2044-2041},
    doi = {10.5268/IW-1.1.406},
    issn = {20442041},
    keywords = {climate change, deep lakes, habitat complexity, internal nutrient loading, lake constance, lake kinneret, littoral, littoral-pelagic coupling, stratified lakes, water level fluctuations}
}

@article{Kim2015,
    title = {{Effects of cryogenic thermal cycle and immersion on the mechanical characteristics of phenol-resin bonded plywood}},
    year = {2015},
    journal = {Cryogenics},
    author = {Kim, Jeong Hyeon and Park, Doo Hwan and Lee, Chi Seung and Park, Kwang Jun and Lee, Jae Myung},
    pages = {90--102},
    volume = {72},
    publisher = {Elsevier Ltd},
    url = {http://dx.doi.org/10.1016/j.cryogenics.2015.09.007},
    doi = {10.1016/j.cryogenics.2015.09.007},
    issn = {00112275},
    keywords = {Cargo containment system, Cryogenic immersion, Cryogenic thermal cycle, Liquefied natural gas, Plywood}
}

@article{Limosani2016,
    title = {{Enabling Global Robot Navigation Based on a Cloud Robotics Approach}},
    year = {2016},
    journal = {International Journal of Social Robotics},
    author = {Limosani, Raffaele and Manzi, Alessandro and Fiorini, Laura and Cavallo, Filippo and Dario, Paolo},
    number = {3},
    pages = {371--380},
    volume = {8},
    publisher = {Springer Netherlands},
    url = {"http://dx.doi.org/10.1007/s12369-016-0349-8},
    doi = {10.1007/s12369-016-0349-8},
    issn = {18754805},
    keywords = {AR tag, Cloud robotics, QR code, Robot navigation}
}

@article{Lindsley2016,
    title = {{End â Effect in Rotational Viscometers}},
    year = {2016},
    author = {Lindsley, Charles H and Fischer, Earl K},
    number = {1947},
    volume = {988},
    doi = {10.1063/1.1697585}
}

@article{Beaulieu2016,
    title = {{Estimates of reservoir methane emissions based on a spatially balanced probabilistic-survey}},
    year = {2016},
    journal = {Limnology and Oceanography},
    author = {Beaulieu, Jake J. and McManus, Michael G. and Nietch, Christopher T.},
    number = {Thornton 1990},
    pages = {S27-S40},
    volume = {61},
    isbn = {8153244698},
    doi = {10.1002/lno.10284},
    issn = {19395590}
}

@article{Sauthoff2013,
    title = {{Experimental determination of methane dissolution from simulated subsurface oil leakages}},
    year = {2013},
    journal = {AGU Fall Meeting {\ldots}},
    author = {Sauthoff, W and Peltzer, Et},
    url = {http://adsabs.harvard.edu/abs/2013AGUFMOS31C1729S},
    keywords = {carbon transport, dissolved gases, methane, raman spectroscopy, saturated oil}
}

@article{Delsontro2010a,
    title = {{Extreme methane emissions from a swiss hydropower Reservoir: Contribution from bubbling sediments}},
    shorttitle = {Extreme Methane Emissions from a Swiss Hydropower},
    year = {2010},
    journal = {Environmental Science and Technology},
    author = {Delsontro, Tonya and Mcginnis, Daniel F. and Sobek, Sebastian and Ostrovsky, Ilia and Wehrli, Bernhard},
    number = {7},
    month = {4},
    pages = {2419--2425},
    volume = {44},
    url = {http://pubs.acs.org/doi/abs/10.1021/es9031369},
    isbn = {0013-936X},
    doi = {10.1021/es9031369},
    issn = {0013936X},
    pmid = {20218543},
    language = {en}
}

@article{Inventory2016,
    title = {{Fast Facts 1990â2014}},
    year = {2016},
    author = {Inventory, National-level U S Greenhouse Gas},
    number = {April},
    pages = {2--4}
}

@article{McGinnis2006a,
    title = {{Fate of rising methane bubbles in stratified waters: How much methane reaches the atmosphere?}},
    shorttitle = {Fate of rising methane bubbles in stratified water},
    year = {2006},
    journal = {Journal of Geophysical Research: Oceans},
    author = {McGinnis, Dan F. and Greinert, J. and Artemov, Y. and Beaubien, S. E. and W{\"{u}}est, A.},
    number = {9},
    volume = {111},
    url = {http://doi.wiley.com/10.1029/2005JC003183},
    isbn = {0148-0227},
    doi = {10.1029/2005JC003183},
    issn = {21699291},
    language = {en}
}

@article{McGinnis2006b,
    title = {{Fate of rising methane bubbles in stratified waters: How much methane reaches the atmosphere?}},
    year = {2006},
    journal = {Journal of Geophysical Research: Oceans},
    author = {McGinnis, Dan F. and Greinert, J. and Artemov, Y. and Beaubien, S. E. and W{\"{u}}est, A.},
    number = {9},
    volume = {111},
    isbn = {0148-0227},
    doi = {10.1029/2005JC003183},
    issn = {21699291}
}

@article{Plant2015,
    title = {{Field test of a remote multi-path CLaDS methane sensor}},
    year = {2015},
    journal = {Sensors (Switzerland)},
    author = {Plant, Genevieve and Nikodem, Michal and Mulhall, Phil and Varner, Ruth K. and Sonnenfroh, David and Wysocki, Gerard},
    number = {9},
    pages = {21315--21326},
    volume = {15},
    isbn = {1609258215},
    doi = {10.3390/s150921315},
    issn = {14248220},
    keywords = {Laser spectroscopy, Optical dispersion spectroscopy, Remote sensing}
}

@techreport{IntergovernmentalPanelonClimate2014,
    title = {{Fifth Assessment Report - Mitigation of Climate Change}},
    year = {2014},
    author = {{Working Group III of IPCC}},
    pages = {2014},
    url = {http://www.ipcc.ch/pdf/assessment-report/ar5/wg3/ipcc_wg3_ar5_full.pdf}
}

@techreport{MQ-420014,
    title = {{Flammable Gas Sensor ï¼Model: MQ-4) Manual (Version 1.3)}},
    year = {2014},
    author = {{Zhengzhou Winsen}}
}

@article{Barman2015,
    title = {{Fluid Motion Between Rotating Concentric Cylinders Using COMSOL Multiphysics â¢}},
    year = {2015},
    author = {Barman, Kabita and Mothupally, Sravanthi and Sonejee, Archana and Mills, Patrick L},
    pages = {2--8},
    keywords = {comsol, concentric cylinders, multiphysics, newtonian fluid, rotational viscometer, velocity and pressure profiles}
}

@article{Casper2000,
    title = {{Fluxes of methane and carbon dioxide from a small productive lake to the atmosphere}},
    year = {2000},
    journal = {Biogeochemistry},
    author = {Casper, Peter and Maberly, Stephen C. and Hall, Grahame H. and Finlay, Bland J.},
    number = {1},
    pages = {1--19},
    volume = {49},
    isbn = {0168-2563},
    doi = {10.1023/A:1006269900174},
    issn = {01682563},
    keywords = {Carbon dioxide, Diffusion, Ebullition, Emission, Freshwater, Hypertrophic lakes, Methane}
}

@misc{SteveLohr2014,
    title = {{For Big-Data Scientists, âJanitor Workâ Is Key Hurdle to Insights - The New York Times}},
    year = {2014},
    booktitle = {NYTimes},
    author = {{Steve Lohr}},
    url = {https://www.nytimes.com/2014/08/18/technology/for-big-data-scientists-hurdle-to-insights-is-janitor-work.html}
}

@article{Of2011,
    title = {{G Uidelines for the U Se of}},
    year = {2011},
    author = {Of, Office and Health, Behavioral},
    number = {March},
    pages = {1--15}
}

@article{Pfa,
    title = {{General Properties of Teflon FEP Typical Properties of Teflon {\textregistered} FEP Fluoropolymer Resins}},
    author = {Pfa, Teflon and Fep, Teflon and Astm, The and Ptfe, Teflon}
}

@article{Instruments,
    title = {{GIR5500 - Biogas Analysers}},
    author = {Instruments, Hitech},
    pages = {2--3}
}

@article{Dlugokencky2011a,
    title = {{Global atmospheric methane: budget, changes and dangers.}},
    year = {2011},
    journal = {Philosophical transactions. Series A, Mathematical, physical, and engineering sciences},
    author = {Dlugokencky, Edward J and Nisbet, Euan G and Fisher, Rebecca and Lowry, David},
    number = {1943},
    pages = {2058--2072},
    volume = {369},
    isbn = {1364-503X},
    doi = {10.1098/rsta.2010.0341},
    issn = {1364-503X},
    pmid = {21502176},
    keywords = {biogeochemical cycles, climate, global methane budget, greenhouse gas mitigation, isotope geochemistry}
}

@article{Dlugokencky2011,
    title = {{Global atmospheric methane: budget, changes and dangers.}},
    year = {2011},
    journal = {Philosophical transactions. Series A, Mathematical, physical, and engineering sciences},
    author = {Dlugokencky, Edward J and Nisbet, Euan G and Fisher, Rebecca and Lowry, David},
    number = {1943},
    pages = {2058--2072},
    volume = {369},
    isbn = {1364-503X},
    doi = {10.1098/rsta.2010.0341},
    issn = {1364-503X},
    pmid = {21502176},
    keywords = {biogeochemical cycles, climate, global methane budget, greenhouse gas mitigation, isotope geochemistry}
}

@techreport{Cloud2017,
    title = {{Global Cloud Robotics Market Research Report- Forecast 2022 Global Cloud Robotics Market , by Type ( Peer Based , Proxy}},
    year = {2017},
    author = {{Market Research Future}}
}

@misc{USEPA,
    title = {{Global Emissions}},
    year = {2014},
    author = {US EPA, Climate Change Division},
    url = {http://www.epa.gov/climatechange/ghgemissions/gwps.html},
    language = {en}
}

@article{Bartosiewicz2015,
    title = {{Greenhouse gas emission and storage in a small shallow lake}},
    year = {2015},
    journal = {Hydrobiologia},
    author = {Bartosiewicz, M. and Laurion, I. and MacIntyre, S.},
    number = {1},
    pages = {101--115},
    volume = {757},
    publisher = {Springer International Publishing},
    isbn = {0018-8158},
    doi = {10.1007/s10750-015-2240-2},
    issn = {15735117},
    keywords = {Diffusive flux, Ebullition, Gas transfer modeling, Greenhouse gases, Small lake, Storage, Thermal stratification, Weather variability}
}

@misc{Deemer2016a,
    title = {{Greenhouse gas emissions from reservoir water surfaces: A new global synthesis}},
    year = {2016},
    booktitle = {BioScience},
    author = {Deemer, Bridget R. and Harrison, John A. and Li, Siyue and Beaulieu, Jake J. and Delsontro, Tonya and Barros, Nathan and Bezerra-Neto, JosÃ© F. and Powers, Stephen M. and Dos Santos, Marco A. and Vonk, J. Arie},
    number = {11},
    month = {11},
    pages = {949--964},
    volume = {66},
    publisher = {Oxford University Press},
    url = {https://academic.oup.com/bioscience/article-lookup/doi/10.1093/biosci/biw117},
    isbn = {0006-3568},
    doi = {10.1093/biosci/biw117},
    issn = {15253244},
    keywords = {Ebullition, Eutrophication, Greenhouse gas, Methane, Reservoir}
}

@unpublished{Proof2016,
    title = {{Greenhouse Gas Emissions from Reservoir Water Surfaces: A New Global Synthesis Manuscript}},
    year = {2016},
    author = {Proof, Bioscience Pre-publication--uncorrected}
}

@article{Deemer2016,
    title = {{Greenhouse Gas Emissions from Reservoir Water Surfaces: A New Global Synthesis Manuscript}},
    year = {2016},
    journal = {BioScience},
    author = {Deemer, Bridget R and Harrison, John A and Li, Siyue and Beaulieu, Jake J and Delsontro, Tonya and Barros, Nathan and Bezerra-Neto, Jose F and Powers, Stephen M and Dos Santos, Marco A and Vonk, J Arie},
    number = {11},
    pages = {949--964},
    volume = {66},
    doi = {10.1093/biosci/biw117},
    issn = {0006-3568},
    keywords = {2011, dams, e, ebullition, eutrophication, g, globally, greenhouse gas, growing human population, has provided a variety, he construction and operation, lehner et al, methane, of, of over 1 million, reservoir, services important to a}
}

@article{Transactions2015b,
    title = {{Guest Editorial Special Issue on Cloud Robotics and Automation}},
    year = {2015},
    journal = {IEEE Transactions on Automation Science and Engineering},
    author = {Transactions, Ieee and Automation, O N},
    number = {2},
    pages = {396--397},
    volume = {12},
    doi = {10.1109/TASE.2015.2409511},
    issn = {1545-5955}
}

@misc{AndyGreenberg2015,
    title = {{Hackers Remotely Kill a Jeep on the HighwayâWith Me in It | WIRED}},
    year = {2015},
    booktitle = {Wired Magazine},
    author = {{Andy Greenberg}},
    url = {https://www.wired.com/2015/07/hackers-remotely-kill-jeep-highway/}
}

@article{Goodrich2011,
    title = {{High-frequency measurements of methane ebullition over a growing season at a temperate peatland site}},
    year = {2011},
    journal = {Geophysical Research Letters},
    author = {Goodrich, Jordan P. and Varner, Ruth K. and Frolking, Steve and Duncan, Bryan N. and Crill, Patrick M.},
    number = {7},
    pages = {1--5},
    volume = {38},
    isbn = {0094-8276},
    doi = {10.1029/2011GL046915},
    issn = {00948276},
    keywords = {http://dx.doi.org/10.1029/2011GL046915, doi:10.102}
}

@article{Cen2012,
    title = {{Homework {\#} 1}},
    year = {2012},
    author = {Cen, Lei},
    number = {January},
    pages = {1--6},
    volume = {6}
}

@article{Bright2011,
    title = {{Homework 2}},
    year = {2011},
    journal = {Mechanical Engineering},
    author = {{Bright}},
    number = {January},
    pages = {1--2}
}

@misc{WillKnight2015,
    title = {{How Robots Can Quickly Teach Each Other to Grasp New Objects - MIT Technology Review}},
    year = {2015},
    booktitle = {MIT Technology Review},
    author = {{Will Knight}},
    url = {https://www.technologyreview.com/s/543461/how-robots-can-quickly-teach-each-other-to-grasp-new-objects/}
}

@article{Vidal2011,
    title = {{How to Use Mendeley to create citations using LaTeX and BibTeX.}},
    shorttitle = {HOWTO},
    year = {2011},
    journal = {Mendeley Desktop to get you citing and writing your manuscript},
    author = {{Ricardo}},
    month = {10},
    pages = {1--7},
    url = {https://blog.mendeley.com/2011/10/25/howto-use-mendeley-to-create-citations-using-latex-and-bibtex/ http://blog.mendeley.com/tipstricks/howto-use-mendeley-to-create-citations-using-latex-and-bibtex/}
}

@misc{Vidal2011a,
    title = {{HOWTO: Use Mendeley to create citations using LaTeX and BibTeX.}},
    shorttitle = {HOWTO},
    year = {2011},
    author = {Vidal, Ricardo},
    month = {10},
    url = {https://blog.mendeley.com/2011/10/25/howto-use-mendeley-to-create-citations-using-latex-and-bibtex/}
}

@article{Song2013,
    title = {{IEEE / NSF Workshop on Cloud Mfg and Automation}},
    year = {2013},
    author = {Song, Dezhen and Goldberg, Ken and Hsieh, Ani},
    pages = {2013}
}

@article{Strayer1978,
    title = {{In situ methane production in a small, hypereutrophic, hard-water lake: Loss of methane from sediments by vertical diffusion and ebullition}},
    year = {1978},
    journal = {Limnology and Oceanography},
    author = {Strayer, Richard F. and Tiedje, James M.},
    number = {6},
    pages = {1201--1206},
    volume = {23},
    url = {http://doi.wiley.com/10.4319/lo.1978.23.6.1201},
    doi = {10.4319/lo.1978.23.6.1201},
    issn = {00243590}
}

@article{Cell2008,
    title = {{Infrared Gas Sensors}},
    year = {2008},
    journal = {International Sensor Technology},
    author = {Cell, Gas},
    pages = {55--72},
    url = {http://www.intlsensor.com/pdf/infrared.pdf},
    isbn = {9780470871928}
}

@article{Lee2016a,
    title = {{Internet of Vehicles: From intelligent grid to autonomous cars and vehicular fogs}},
    year = {2016},
    journal = {International Journal of Distributed Sensor Networks},
    author = {Lee, E.-K. and Gerla, M. and Pau, G. and Lee, U. and Lim, J.-H.},
    number = {9},
    pages = {241--246},
    volume = {12},
    url = {http://dsn.sagepub.com/lookup/doi/10.1177/1550147716665500},
    isbn = {1550147716665},
    doi = {10.1177/1550147716665500},
    issn = {1550-1477},
    keywords = {15 april 2016, 17 july 2016, academic editor, accepted, content discovery, date received, fog computing, internet of vehicles, michele amoretti, vehicular cloud, vehicular network}
}

@article{Bitter2007,
    title = {{Introduction to LabVIEW}},
    year = {2007},
    journal = {LabVIEW: Advanced Programming Techniques},
    author = {Bitter, Rick and Mohiuddin, Taqi and Nawrocki, Matt},
    pages = {1--67},
    url = {http://home.hit.no/~hansha/documents/labview/training/Introduction to LabVIEW/Introduction to LabVIEW.pdf},
    isbn = {978-0-8493-2049-1},
    doi = {10.1080/13501780903129256},
    issn = {1873-2518},
    pmid = {20510736}
}

@book{Lynch2016,
    title = {{Introduction To Modern Robotics Mechanics, Planning, and Control}},
    year = {2016},
    author = {Lynch, Kevin M. and Park, Frank C.},
    number = {May},
    pages = {408},
    isbn = {978-0201543612},
    doi = {10.1109/MEX.1986.4306961},
    issn = {0885-9000},
    pmid = {257998375},
    arxivId = {0712.0689}
}

@article{Islam2015,
    title = {{Investigation of woven composites as potential cryogenic tank materials}},
    year = {2015},
    journal = {Cryogenics},
    author = {Islam, Md S. and Melendez-Soto, E. and Castellanos, A. G. and Prabhakar, P.},
    pages = {82--88},
    volume = {72},
    publisher = {Elsevier Ltd},
    url = {http://dx.doi.org/10.1016/j.cryogenics.2015.09.005},
    doi = {10.1016/j.cryogenics.2015.09.005},
    issn = {00112275},
    keywords = {A: Woven composites, B: Cryogenic exposure, C: Polymer matrix composites, D: Thermosetting}
}

@article{Dean2012a,
    title = {{Large scale distributed deep networks}},
    year = {2012},
    journal = {Advances in Neural Information Processing Systems},
    author = {Dean, Jeffrey and Corrado, Greg and Monga, Rajat and Chen, Kai and Devin, Matthieu and Mao, Mark and Senior, Andrew and Tucker, Paul and Yang, Ke and Le, Quoc V},
    pages = {1223--1231},
    isbn = {9781627480031},
    doi = {10.1109/ICDAR.2011.95},
    issn = {10495258},
    pmid = {43479959},
    arxivId = {fa}
}

@article{Dean2012,
    title = {{Large Scale Distributed Deep Networks}},
    year = {2012},
    journal = {NIPS 2012: Neural Information Processing Systems},
    author = {Dean, Jeffrey and Corrado, Greg S and Monga, Rajat and Chen, Kai and Devin, Matthieu and Le, Quoc V and Mao, Mark Z and Ranzato, Marc Aurelio and Senior, Andrew and Tucker, Paul and Yang, Ke and Ng, Andrew Y},
    pages = {1--11},
    isbn = {9781627480031},
    doi = {10.1109/ICDAR.2011.95},
    issn = {10495258},
    pmid = {43479959},
    arxivId = {fa}
}

@article{Fesmire2016,
    title = {{Layered composite thermal insulation system for nonvacuum cryogenic applications}},
    year = {2016},
    journal = {Cryogenics},
    author = {Fesmire, J. E.},
    pages = {154--165},
    volume = {74},
    publisher = {Elsevier Ltd},
    url = {http://dx.doi.org/10.1016/j.cryogenics.2015.10.008},
    doi = {10.1016/j.cryogenics.2015.10.008},
    issn = {00112275},
    keywords = {Compression, Piping, Space launch vehicles, Tanks, Thermal insulation, Valves, Weathering}
}

@article{Levine2016,
    title = {{Learning Hand-Eye Coordination for Robotic Grasping with Deep Learning and Large-Scale Data Collection}},
    year = {2016},
    journal = {arXiv},
    author = {Levine, Sergey and Pastor, Peter and Krizhevsky, Alex and Quillen, Deirdre},
    pages = {1â1},
    url = {http://0-doi.acm.org.cisne.sim.ucm.es/10.1145/2835776.2835844%5Cnhttp://0-dl.acm.org.cisne.sim.ucm.es/ft_gateway.cfm?id=2835844&type=pdf\nhttp://arxiv.org/abs/1603.02199},
    isbn = {978-1-4503-3716-8},
    doi = {10.1145/2835776.2835844},
    issn = {00032999},
    pmid = {21156984},
    arxivId = {1603.02199}
}

@inproceedings{Rao2015,
    title = {{Learning mechanism for RT task scheduling}},
    year = {2015},
    booktitle = {2015 IEEE International Conference on Computational Intelligence and Computing Research (ICCIC)},
    author = {Rao, A. Prasantha and Agarwal, Swathi and Srinivas, K. and Rani, B. Kavitha},
    month = {12},
    pages = {1--4},
    publisher = {IEEE},
    url = {http://ieeexplore.ieee.org/document/7435795/},
    isbn = {978-1-4799-7848-9},
    doi = {10.1109/ICCIC.2015.7435795},
    keywords = {Rao2015}
}

@article{Refrig,
    title = {{Low temperature environment Source of refrigeration Heat exchange medium Thermal insulation Structural support Instrumentation and control Solid foam insulation Powder insulation Vacuum Multi-layer insulation}},
    author = {Refrig, Thermal Insulation and Structural, Heat Load}
}

@article{Fisher2006,
    title = {{Material Guidelines for Gaseous oxygen}},
    year = {2006},
    author = {{Fisher}},
    number = {October},
    volume = {4}
}

@article{Johnson2013,
    title = {{Material Guidelines for Gaseous oxygen}},
    year = {2014},
    journal = {Nasa-Tm-2006-214346},
    author = {{Fisher} and Johnson, Theodore F and Sleight, David W and Martin, Robert A and Pfa, Teflon and Fep, Teflon and Astm, The and Ptfe, Teflon and Student, M E and Cga, Adapter and Refrig, Thermal Insulation and Structural, Heat Load and Shields, Joe and Elwood, Leslie and {EGC} and Aeronautics, National and Publication, Nasa Reference and Pereira, J Michael and Generazio, Edward R and Mital, Subodh K. and Gyekenyesi, John Z. and Arnold, Steven M. and Sullivan, Roy M. and Manderscheid, Jane M. and Murthy, Pappu L.N. and Schultz, Marc R and Corporation, Lockheed Martin and Fischer, Wolfgang P P and Laabs, Antje and Cabulis, Ugis and Yakushin, Vladimir and Tomography, Computer and Agency, German Space and Of, S E and Sheet, Product Data and Augustynowicz, Stan D},
    number = {October},
    pages = {155--157},
    volume = {4},
    url = {C:\ICT\EILS\Verbrennung, Raketenmotoren f?r IL\Development of IL Monopropellants for IN-space Propulsion.pdf TS  - RIS},
    isbn = {1999001001},
    doi = {10.2514/6.2013-1825},
    issn = {02734508},
    keywords = {{\_}{\_}{\_}{\_}{\_}{\_}{\_}{\_}{\_}{\_}{\_}{\_}{\_}{\_}{\_}{\_}{\_}{\_}{\_}{\_}{\_}{\_}{\_}{\_}{\_}{\_}{\_}{\_}{\_}{\_}{\_}{\_}{\_}{\_}{\_}{\_}{\_}{\_}{\_}{\_}{\_}{\_}{\_}{\_}{\_}{\_}{\_}{\_}{\_}{\_}, fem, lox tank, support structure}
}

@article{Fischer2014,
    title = {{Material Guidelines for Gaseous oxygen}},
    year = {2014},
    journal = {16th Thermal and Fluids Analysis Workshop},
    author = {Student, M E and {Fisher} and Pfa, Teflon and Fep, Teflon and Astm, The and Ptfe, Teflon and Johnson, Theodore F and Sleight, David W and Martin, Robert A and Cga, Adapter and Refrig, Thermal Insulation and Structural, Heat Load and Shields, Joe and Elwood, Leslie and {EGC} and Aeronautics, National and Publication, Nasa Reference and Pereira, J Michael and Generazio, Edward R and Mital, Subodh K. and Gyekenyesi, John Z. and Arnold, Steven M. and Sullivan, Roy M. and Manderscheid, Jane M. and Murthy, Pappu L.N. and Schultz, Marc R and Corporation, Lockheed Martin and Fischer, Wolfgang P P and Laabs, Antje and Cabulis, Ugis and Yakushin, Vladimir and Tomography, Computer and Agency, German Space and Of, Office and Health, Behavioral and Sheet, Product Data and Fesmire, James E. and Augustynowicz, Stan D.},
    number = {July},
    pages = {1--15},
    volume = {4},
    url = {C:\ICT\EILS\Verbrennung, Raketenmotoren f?r IL\Development of IL Monopropellants for IN-space Propulsion.pdf TS  - RIS},
    isbn = {1999001001},
    doi = {10.2514/6.2011-2170},
    issn = {02734508},
    keywords = {{\_}{\_}{\_}{\_}{\_}{\_}{\_}{\_}{\_}{\_}{\_}{\_}{\_}{\_}{\_}{\_}{\_}{\_}{\_}{\_}{\_}{\_}{\_}{\_}{\_}{\_}{\_}{\_}{\_}{\_}{\_}{\_}{\_}{\_}{\_}{\_}{\_}{\_}{\_}{\_}{\_}{\_}{\_}{\_}{\_}{\_}{\_}{\_}{\_}{\_}, fem, lox tank, support structure}
}

@article{B.D.Ziebart2008,
    title = {{Maximum entropy inverse reinforcement learning}},
    year = {2008},
    journal = {Aaai},
    author = {{B.{\~{}}D.{\~{}}Ziebart} and {A.{\~{}}Maas} and {J.{\~{}}A.{\~{}}Bagnell} and {A.{\~{}}K.{\~{}}Dey}},
    keywords = {inverse reinforcement learning, imitation learning}
}

@article{Paxton2006,
    title = {{ME 411 Syllabus}},
    year = {2006},
    author = {Paxton, Robert},
    volume = {2006}
}

@article{Hunt2016,
    title = {{ME 557 -Syllabus V.3}},
    year = {2016},
    author = {Hunt, Alexander}
}

@phdthesis{Shiba2015,
    title = {{Mechanisms of Methane Release From Lake Sediments}},
    year = {2015},
    author = {Shiba, Jacob and Anderson, Michael A. and Sickman, James and Ying, Samantha},
    url = {http://search.proquest.com/docview/1765657793/},
    language = {eng}
}

@article{Anderson2010,
    title = {{Methane and Nitrous Oxide Emissions From Natural Sources}},
    year = {2010},
    author = {Anderson, Brian and Barlett, Karen and Frolking, Steven and Hayhoe, Katharine and Jenkins, Jennifer and Salas, William},
    number = {April},
    pages = {1--194},
    doi = {EPA 430-R-10-001}
}

@article{Kong2017,
    title = {{Millimeter-Wave Wireless Communications for IoT-Cloud Supported Autonomous Vehicles: Overview, Design, and Challenges}},
    year = {2017},
    journal = {IEEE Communications Magazine},
    author = {Kong, Linghe and Khan, Muhammad Khurram and Wu, Fan and Chen, Guihai and Zeng, Peng},
    number = {1},
    pages = {62--68},
    volume = {55},
    url = {http://ieeexplore.ieee.org/document/7823339/},
    doi = {10.1109/MCOM.2017.1600422CM},
    issn = {0163-6804}
}

@article{Edwards2005,
    title = {{MIT Rocket Team LOX Tank Massachusetts Institute of Technology Department of Aeronautics and Astronautics}},
    year = {2005},
    author = {Edwards, Authors Christine and Sumer, Selim},
    pages = {1--39}
}

@article{Hedayat2016,
    title = {{Modeling and analysis of chill and fill processes for the cryogenic storage and transfer engineering development unit tank}},
    year = {2016},
    journal = {Cryogenics},
    author = {Hedayat, A. and Cartagena, W. and Majumdar, A. K. and LeClair, A. C.},
    pages = {106--112},
    volume = {74},
    publisher = {Elsevier Ltd},
    url = {http://dx.doi.org/10.1016/j.cryogenics.2015.11.003},
    doi = {10.1016/j.cryogenics.2015.11.003},
    issn = {00112275},
    keywords = {Chilldown, Heat transfer, Liquid hydrogen, Modeling}
}

@misc{Pettit2012,
    title = {{NASA - The Tyranny of the Rocket Equation}},
    year = {2012},
    author = {Pettit, Donald},
    publisher = {Brian Dunbar},
    url = {https://www.nasa.gov/mission_pages/station/expeditions/expedition30/tryanny.html https://www.nasa.gov/mission_pages/station/expeditions/expedition30/tryanny.html},
    keywords = {Earth orbits, International Space Station, Kazakhstan, Soyuz spacecraft, costs, cranes, descent, expeditions, extravehicular activity, moon, propellants, rocket propellants, seats}
}

@article{Melorose2015,
    title = {{No Title No Title}},
    year = {2015},
    journal = {Statewide Agricultural Land Use Baseline 2015},
    author = {Melorose, J. and Perroy, R. and Careas, S.},
    volume = {1},
    isbn = {9788578110796},
    doi = {10.1017/CBO9781107415324.004},
    issn = {1098-6596},
    pmid = {25246403},
    arxivId = {arXiv:1011.1669v3},
    keywords = {icle}
}

@article{Montzka2011,
    title = {{Non-CO2 greenhouse gases and climate change}},
    year = {2011},
    journal = {Nature},
    author = {Montzka, S A and Dlugokencky, E J and Butler, J H},
    number = {7358},
    pages = {43--50},
    volume = {476},
    publisher = {Nature Publishing Group},
    url = {http://dx.doi.org/10.1038/nature10322},
    isbn = {0028-0836},
    doi = {10.1038/nature10322},
    issn = {1476-4687},
    pmid = {21814274}
}

@article{Fluids2009,
    title = {{On End-Effect Correction for Couette Type Viscometers for Newtonian and}},
    year = {2009},
    author = {Fluids, Non-newtonian and Maglione, Roberto},
    volume = {17}
}

@article{Golan2017,
    title = {{Online Robot Navigation Using Continuously Updated Artificial Temperature Gradients}},
    year = {2017},
    author = {Golan, Yoav and Edelman, Shmil and Shapiro, Amir and Rimon, Elon},
    number = {3},
    pages = {1280--1287},
    volume = {2}
}

@article{Eugster2012a,
    title = {{Performance of a low-cost methane sensor for ambient concentration measurements in preliminary studies}},
    year = {2012},
    journal = {Atmospheric Measurement Techniques},
    author = {Eugster, W. and Kling, G. W.},
    number = {8},
    month = {8},
    pages = {1925--1934},
    volume = {5},
    url = {http://www.atmos-meas-tech.net/5/1925/2012/},
    doi = {10.5194/amt-5-1925-2012},
    issn = {18671381},
    language = {en}
}

@article{Suloff2002,
    title = {{Permeability, Diffusivity, and Solubility of Gas and Solute Through Polymers}},
    year = {2002},
    journal = {Sorption Behavior of an Aliphatic Series of Aldehydes in the Presence of Poly(Ethylene Terephthalate) Blends Containing Aldehyde Scavenging Agents},
    author = {Suloff, Eric Charles},
    number = {1},
    pages = {29--99},
    isbn = {9788578110796},
    doi = {10.1017/CBO9781107415324.004},
    issn = {1098-6596},
    pmid = {25246403},
    arxivId = {arXiv:1011.1669v3}
}

@misc{N.a.,
    title = {{Permeation Properties of Common Plastics}},
    booktitle = {Welding Journal},
    author = {{n.a.}},
    pages = {37}
}

@article{Wood-adams2006,
    title = {{Permeation: Essential factors for permeation; Course Notes, Physical Chemistry of Polymers, Concordia University}},
    year = {2006},
    journal = {Polymer},
    author = {Wood-adams, Paula},
    pages = {1--16}
}

@article{JOYCE2003,
    title = {{Physical controls on methane ebullition from reservoirs and lakes}},
    year = {2003},
    journal = {Environmental and Engineering Geoscience},
    author = {Joyce, Jennifer and Jewell, Paul W.},
    number = {2},
    month = {5},
    pages = {167--178},
    volume = {9},
    url = {http://eeg.geoscienceworld.org/cgi/doi/10.2113/9.2.167},
    isbn = {1078-7275},
    doi = {10.2113/9.2.167},
    issn = {10787275},
    keywords = {Ebullition, Methane, Tropical reservoir}
}

@article{Sheet,
    title = {{PRODUCT DATA SHEET HIGH PERFORMANCE , FLEXIBLE , INDUSTRIAL INSULATION FOR SUB-AMBIENT AND CRYOGENIC APPLICATIONS More Info}},
    author = {Sheet, Product Data},
    pages = {0--1}
}

@misc{LV3Airframe,
    title = {{PSAS LV3 Airframe Github}},
    author = {{PSAS}},
    url = {https://github.com/psas/lv3.0-airframe}
}

@article{Maeck2014,
    title = {{Pumping methane out of aquatic sediments {\&}ndash; Ebullition forcing mechanisms in an impounded river}},
    year = {2014},
    journal = {Biogeosciences},
    author = {Maeck, A. and Hofmann, H. and Lorke, A.},
    number = {11},
    pages = {2925--2938},
    volume = {11},
    doi = {10.5194/bg-11-2925-2014},
    issn = {17264189}
}

@article{Grinham2011,
    title = {{Quanti fi cation of ebullitive and diffusive methane release to atmosphere from a water storage}},
    year = {2011},
    journal = {Atmospheric Environment},
    author = {Grinham, Alistair and Dunbabin, Matthew and Gale, Deborah and Udy, James},
    number = {39},
    pages = {7166--7173},
    volume = {45},
    publisher = {Elsevier Ltd},
    url = {http://dx.doi.org/10.1016/j.atmosenv.2011.09.011},
    doi = {10.1016/j.atmosenv.2011.09.011},
    issn = {1352-2310}
}

@article{Ostrovsky2008,
    title = {{Quantifying gas ebullition with echosounder: the role of methane transport by bubbles in a medium-sized lake}},
    year = {2008},
    journal = {Limnology and Oceanography: Methods},
    author = {Ostrovsky, I. and McGinnis, D. F. and Lapidus, L. and Eckert, W.},
    number = {May 2017},
    pages = {105--118},
    volume = {6},
    isbn = {1541-5856},
    doi = {10.4319/lom.2008.6.105},
    issn = {15415856}
}

@article{Dunbabin2016,
    title = {{Quantifying Spatiotemporal Greenhouse Gas Emissions Using Autonomous Surface Vehicles}},
    year = {2016},
    journal = {Journal of Field Robotics},
    author = {Dunbabin, Matthew and Grinham, Alistair},
    number = {1},
    pages = {151--169},
    volume = {34},
    isbn = {9783902661623},
    doi = {10.1002/rob.21665},
    issn = {15564967},
    pmid = {22164016},
    arxivId = {10.1.1.91.5767}
}

@article{Tang2010,
    title = {{Quantifying wetland methane emissions with process-based models of di ff erent complexities}},
    year = {2010},
    author = {Tang, J and Zhuang, Q and Shannon, R D and White, J R},
    pages = {6121--6171},
    doi = {10.5194/bgd-7-6121-2010}
}

@article{Mohanarajah2015,
    title = {{Rapyuta: A Cloud Robotics Platform}},
    year = {2015},
    journal = {IEEE Transactions on Automation Science and Engineering},
    author = {Mohanarajah, Gajamohan and Hunziker, Dominique and D'Andrea, Raffaello and Waibel, Markus},
    number = {2},
    pages = {481--493},
    volume = {12},
    isbn = {1545-5955 VO - PP},
    doi = {10.1109/TASE.2014.2329556},
    issn = {15455955},
    keywords = {Cloud robotics, cloud-based mapping, networked robots, platform-as-a-service (PaaS)}
}

@article{Ayush2013,
    title = {{Real Time Visual SLAM using Cloud Computing}},
    year = {2013},
    author = {Ayush, Kumar},
    keywords = {cloud based robots, cloud computing, mapping, real time, visual slam}
}

@article{Rovetta1996,
    title = {{Remote control in telerobotic surgery}},
    year = {1996},
    journal = {IEEE Transactions on Systems, Man, and Cybernetics - Part A: Systems and Humans},
    author = {Rovetta, A. and Sala, R. and {Xia Wen} and Togno, A.},
    number = {4},
    month = {7},
    pages = {438--444},
    volume = {26},
    url = {http://ieeexplore.ieee.org/document/508822/},
    doi = {10.1109/3468.508822},
    issn = {10834427}
}

@article{St.Louis2000,
    title = {{Reservoir Surfaces as Sources of Greenhouse Gases to the Atmosphere: A Global Estimate}},
    year = {2000},
    journal = {BioScience},
    author = {St. Louis, Vincent L. and Kelly, Carol a. and Duchemin, Ãric and Rudd, John W. M. and Rosenberg, David M.},
    number = {9},
    pages = {766},
    volume = {50},
    isbn = {0006-3568},
    doi = {10.1641/0006-3568(2000)050[0766:RSASOG]2.0.CO;2},
    issn = {0006-3568},
    pmid = {11649465}
}

@article{Harrison2017,
    title = {{Reservoir Water-Level Drawdowns Accelerate and Amplify Methane Emission}},
    year = {2017},
    journal = {Environmental Science {\&} Technology},
    author = {Harrison, John A. and Deemer, Bridget R. and Birchfield, M. Keith and OâMalley, Maria T.},
    number = {3},
    month = {2},
    pages = {acs.est.6b03185},
    volume = {51},
    url = {http://pubs.acs.org/doi/abs/10.1021/acs.est.6b03185},
    doi = {10.1021/acs.est.6b03185},
    issn = {0013-936X},
    pmid = {28068068}
}

@article{Mital2006,
    title = {{Review of Current State of the Art and Key Design Issues With Potential Solutions for Liquid Hydrogen Cryogenic Storage Tank Structures for Aircraft Applications}},
    year = {2006},
    journal = {Nasa-Tm-2006-214346},
    author = {Mital, Subodh K. and Gyekenyesi, John Z. and Arnold, Steven M. and Sullivan, Roy M. and Manderscheid, Jane M. and Murthy, Pappu L.N.},
    number = {October},
    pages = {3--21},
    url = {C:\ICT\EILS\Verbrennung, Raketenmotoren f?r IL\Development of IL Monopropellants for IN-space Propulsion.pdf TS  - RIS},
    isbn = {1999001001}
}

@article{Riazuelo2015,
    title = {{RoboEarth Semantic Mapping: A Cloud Enabled Knowledge-Based Approach}},
    year = {2015},
    journal = {IEEE Transactions on Automation Science and Engineering},
    author = {Riazuelo, Luis and Tenorth, Moritz and Di Marco, Daniel and Salas, Marta and G??lvez-L??pez, Dorian and M??senlechner, Lorenz and Kunze, Lars and Beetz, Michael and Tard??s, Juan D. and Montano, Luis and Montiel, J. M Mart??nez},
    number = {2},
    pages = {432--443},
    volume = {12},
    isbn = {1545-5955},
    doi = {10.1109/TASE.2014.2377791},
    issn = {15455955},
    keywords = {Cloud mapping, knowledge representation, object recognition, semantic mapping, visual SLAM}
}

@article{Wang2007,
    title = {{Robot-Assisted Sensor Network Deployment and Data Collection}},
    year = {2007},
    journal = {International Symposium on Computational Intelligence in Robotics and Automation},
    author = {Wang, Yu and Wu, Chang-Hua},
    pages = {467--472},
    url = {http://ieeexplore.ieee.org/lpdocs/epic03/wrapper.htm?arnumber=4269919},
    isbn = {1-4244-0789-3},
    doi = {10.1109/CIRA.2007.382919}
}

@article{Quigley2009,
    title = {{ROS: an open-source Robot Operating System}},
    year = {2009},
    journal = {Icra},
    author = {Quigley, Morgan and Conley, Ken and Gerkey, Brian and Faust, Josh and Foote, Tully and Leibs, Jeremy and Berger, Eric and Wheeler, Rob and Mg, Andrew},
    number = {Figure 1},
    pages = {5},
    volume = {3},
    url = {http://pub1.willowgarage.com/~konolige/cs225B/docs/quigley-icra2009-ros.pdf},
    isbn = {0165-022X (Print){\textbackslash}r0165-022X (Linking)},
    doi = {http://www.willowgarage.com/papers/ros-open-source-robot-operating-system},
    issn = {0165-022X},
    pmid = {8844323},
    arxivId = {1106.4561}
}

@article{Selection1996,
    title = {{SAFETY STANDARD FOR Safety Standard For Oxygen And Oxygen Systems}},
    year = {1996},
    journal = {Office},
    author = {Selection, Materials}
}

@article{Ren2012,
    title = {{Security Challenges for the Public Cloud}},
    year = {2012},
    author = {Ren, Kui and Wang, Cong},
    pages = {69--73}
}

@article{Greinert2006,
    title = {{Single Bubble Model - Graphical User Interface}},
    year = {2006},
    author = {Greinert, Jens},
    number = {July 2008},
    pages = {1--10}
}

@article{Ahmad2016a,
    title = {{Software architectures for robotic systems: A systematic mapping study}},
    year = {2016},
    journal = {Journal of Systems and Software},
    author = {Ahmad, Aakash and Babar, Muhammad Ali},
    month = {12},
    pages = {16--39},
    volume = {122},
    url = {http://linkinghub.elsevier.com/retrieve/pii/S0164121216301479},
    doi = {10.1016/j.jss.2016.08.039},
    issn = {01641212}
}

@article{Ahmad2016,
    title = {{Software architectures for robotic systems: A systematic mapping study}},
    year = {2016},
    journal = {Journal of Systems and Software},
    author = {Ahmad, Aakash and Babar, Muhammad Ali},
    pages = {16--39},
    volume = {122},
    publisher = {Elsevier Inc.},
    url = {http://dx.doi.org/10.1016/j.jss.2016.08.039},
    isbn = {0164-1212},
    doi = {10.1016/j.jss.2016.08.039},
    issn = {01641212},
    keywords = {Evidence-based software engineering, Robotic systems, Software architecture, Software architecture for robotics, Systematic mapping study}
}

@article{Blagodatsky2012,
    title = {{Soil physics meets soil biology: Towards better mechanistic prediction of greenhouse gas emissions from soil}},
    year = {2012},
    journal = {Soil Biology and Biochemistry},
    author = {Blagodatsky, Sergey and Smith, Pete},
    pages = {78--92},
    volume = {47},
    publisher = {Elsevier Ltd},
    url = {http://dx.doi.org/10.1016/j.soilbio.2011.12.015},
    isbn = {0038-0717},
    doi = {10.1016/j.soilbio.2011.12.015},
    issn = {00380717},
    keywords = {Diffusion, Gaseous transport, Greenhouse gases, Methane, Model up-scaling, Modelling, N 2O production and consumption, Oxygen}
}

@article{Fischer2014b,
    title = {{Stages}},
    year = {2014},
    author = {Fischer, Wolfgang P P},
    number = {July},
    pages = {1--14}
}

@article{Johnson2013b,
    title = {{Structures and Design Phase I Summary for the NASA Composite Cryotank Technology Demonstration Project}},
    year = {2013},
    author = {Johnson, Theodore F and Sleight, David W and Martin, Robert A},
    pages = {1--11},
    isbn = {9781624102233},
    doi = {10.2514/6.2013-1825},
    issn = {02734508}
}

@article{Graf1995,
    title = {{SUBSCALE COMPOSITE LIQUID OXYGEN TANK TESTING}},
    year = {1995},
    author = {Graf, Neil A}
}

@techreport{FS15,
    title = {{The Aircraft Structural Factor of Safety}},
    year = {1957},
    booktitle = {ADVISORY GROUP FOR AERONAUTICAL RESEARCH AND DEVELOPMENT PARIS (FRANCE)},
    author = {Mangurian, George N.},
    pages = {99},
    isbn = {2193221936},
    doi = {10.1016/0022-460X(71)90105-2},
    issn = {0022460X},
    arxivId = {AD0832715}
}

@article{Leifer2002,
    title = {{The bubble mechanism for methane transport from the shallow sea bed to the surface : A review and sensitivity study}},
    year = {2002},
    author = {Leifer, Ira and Kumar, Ranjan},
    pages = {2409--2428},
    volume = {22},
    keywords = {atmospheric methane, bubble, gas seepage}
}

@article{Bastviken2011,
    title = {{the Continental Carbon Sink}},
    year = {2011},
    journal = {Science},
    author = {Bastviken, David and Tranvik, Lars J. and Downing, J and Crill, John a and M, Patrick and Enrich-prast, Alex},
    number = {Table 1},
    pages = {50},
    volume = {331},
    isbn = {0036-8075},
    doi = {10.1126/science.1196808},
    issn = {0036-8075},
    pmid = {21212349}
}

@techreport{Qualcomm2014,
    title = {{The Evolution of Mobile Technologies: 1G - 4G LTE}},
    year = {2014},
    author = {{Qualcomm}},
    number = {June},
    pages = {1--41},
    isbn = {9788578110796},
    doi = {10.1017/CBO9781107415324.004},
    issn = {16130073},
    pmid = {25246403},
    arxivId = {arXiv:1011.1669v3}
}

@article{EGC,
    title = {{The moulding of PTFE granular powders}},
    author = {{EGC}},
    pages = {1--36}
}

@article{Figliola2011,
    title = {{Theory and Design for Mechanical Measurements}},
    year = {2011},
    author = {Figliola, Richard S and Beasley, Donald E},
    pages = {585},
    isbn = {9780470547410}
}

@article{Stephens1991,
    title = {{Thermal Modeling and Analysis of a Cryogenic Tank Design Exposed to Extreme Heating Profiles}},
    year = {1991},
    author = {Stephens, Craig A and Hanna, Gregory J and Aeronautics, National}
}

@article{Kirschke2013,
    title = {{Three decades of global methane sources and sinks}},
    year = {2013},
    journal = {Nature Geoscience},
    author = {Kirschke, Stefanie and Bousquet, Philippe and Ciais, Philippe and Saunois, Marielle and Canadell, Josep G. and Dlugokencky, Edward J. and Bergamaschi, P. and Bergmann, Daniel and Blake, Donald R. and Bruhwiler, Lori and Cameron-Smith, Philip and Castaldi, Simona and Chevallier, FrÃ©dÃ©ric and Feng, Liang and Fraser, Annemarie and Heimann, Martin and Hodson, Elke L. and Houweling, Sander and Josse, BÃ©atrice and Fraser, Paul J. and Krummel, Paul B. and Lamarque, Jean-FranÃ§ois and Langenfelds, Ray L. and Le Qu{\'{e}}r{\'{e}}, Corinne and Naik, Vaishali and O'Doherty, Simon and Palmer, Paul I. and Pison, Isabelle and Plummer, David and Poulter, Benjamin and Prinn, Ronald G. and Rigby, Matt and Ringeval, Bruno and Santini, Monia and Schmidt, Martina and Shindell, Drew T. and Simpson, Isobel J. and Spahni, Renato and Steele, L. Paul and Strode, Sarah a. and Sudo, Kengo and Szopa, Sophie and van der Werf, Guido R. and Voulgarakis, Apostolos and van Weele, Michiel and Weiss, Ray F. and Williams, Jason E. and Zeng, Guang},
    number = {September},
    pages = {813--823},
    volume = {6},
    url = {http://www.nature.com/doifinder/10.1038/ngeo1955},
    isbn = {1752-0894},
    doi = {10.1038/ngeo1955},
    issn = {1752-0894}
}

@phdthesis{Anderson2015,
    title = {{UNIVERSITY OF CALIFORNIA Mechanisms of Methane Release From Lake Sediments A Thesis submitted in partial satisfaction of the requirements for the degree of Master of Science in Environmental Sciences by Jacob Paul Shiba December 2015 Thesis Committee :}},
    year = {2015},
    author = {Anderson, Michael A and Sickman, James O and Ying, Samantha C},
    number = {December}
}

@article{Zhou2010,
    title = {{Vibration-based Damage Detection to the Composite Tank Filled with Fluid}},
    year = {2010},
    journal = {Structural Health Monitoring-an International Journal},
    author = {Zhou, Wensong and Wu, Zhanjun and Mevel, Laurent},
    number = {5},
    pages = {433--445},
    volume = {9},
    url = {<Go to ISI>://WOS:000281217400004\nhttp://shm.sagepub.com/content/9/5/433.full.pdf},
    isbn = {1475-9217},
    doi = {10.1177/1475921710361329},
    issn = {1475-9217}
}

@article{Leblanc2000,
    title = {{Viscosity Measurement}},
    year = {2000},
    author = {Leblanc, G E}
}

@article{Fixed,
    title = {{Viscosity Measurement}},
    author = {Fixed, Rotor},
    pages = {1--4}
}

@misc{Green2013,
    title = {{Web of Science [v.5.13] - Web of Science Core Collection Full Record}},
    year = {2013},
    booktitle = {Continuum-Journal of Media {\&} Cultural Studies},
    author = {Green, Leila},
    number = {6},
    pages = {941--944},
    volume = {27},
    url = {http://apps.webofknowledge.com.proxy.lib.pdx.edu/full_record.do?product=WOS&search_mode=GeneralSearch&qid=1&SID=2ABTGwatGbjmvt2WSym&page=1&doc=1 http://apps.webofknowledge.com/full_record.do?product=WOS&search_mode=GeneralSearch&qid=8&SID=U2TzvrIN6NYTJGNy}
}

@article{Bates2017,
    title = {{Wet Lab Accelerator: A Web-Based Application Democratizing Laboratory Automation for Synthetic Biology}},
    year = {2017},
    journal = {ACS Synthetic Biology},
    author = {Bates, Maxwell and Berliner, Aaron J. and Lachoff, Joe and Jaschke, Paul R. and Groban, Eli S.},
    number = {1},
    month = {1},
    pages = {167--171},
    volume = {6},
    publisher = {American Chemical Society},
    url = {http://pubs.acs.org/doi/abs/10.1021/acssynbio.6b00108},
    doi = {10.1021/acssynbio.6b00108}
}

@misc{CenterforHistoryandNewMedia,
    title = {{Zotero Quick Start Guide}},
    year = {2014},
    author = {{Center for History and New Media}},
    url = {http://zotero.org/support/quick_start_guide}
}

@article{Ave2017ToEstimate.,
    title = {{**To avoid a delay of shipment, please review the âPO Requirementâ section of the estimate.**}},
    year = {2017},
    author = {Ave, Valley and Ste, N W and Wa, Puyallup and Farias, Alex and Wa, Puyallup},
    pages = {1--2}
}

@article{Chacartegui12,
    title = {{1 1 2 2}},
    author = {Chacartegui, Luis},
    pages = {394--394}
}

@article{Atures20101515-3F,
    title = {{1515-3 f}},
    year = {2010},
    author = {Atures, E and Ations, Pplic and Acteristics, H A R},
    number = {55},
    volume = {100}
}

@article{Atures20111515-4F,
    title = {{1515-4 f}},
    year = {2011},
    author = {Atures, E and Ations, Pplic and Acteristics, H A R},
    number = {55},
    volume = {100}
}

@misc{20170407163202885.pdf,
    title = {{20170407163202885.pdf}}
}

@article{Robotics3DMotion,
    title = {{3D Rigid-Body Motion}},
    author = {Robotics, Intro To and Hunt, Alex}
}

@misc{492Rubric.pdf,
    title = {{492 Progress Report Rubric.pdf}}
}

@article{GallegoACoordinates,
    title = {{A compact formula for the derivative of a 3-D rotation in exponential coordinates}},
    author = {Gallego, Guillermo and Yezzi, Anthony and Aug, C V},
    arxivId = {arXiv:1312.0788v2},
    keywords = {cofund pro-, cross-product matrix, derivative of rotation, exponential map, g, gallego is supported by, lie group, parameters, rodrigues, rotation, rotation vector, the marie curie -}
}

@article{AMacromolecul,
    title = {{A Couette Type with Viscometer Continuously for Low Rotaing by and Inner Medium Cylinder Shear Rate Haruhiko NODA ( Tokyo University , Tokyo ) For the purpose of studying the molecular conditions in aqueous solutions of biologically important macromolecul}}
}

@book{Corke1996AMATLAB,
    title = {{A robotics toolbox for MATLAB}},
    year = {1996},
    booktitle = {IEEE Robotics and Automation Magazine},
    author = {Corke, Peter I.},
    number = {1},
    pages = {24--32},
    volume = {3},
    isbn = {9780874216561},
    doi = {10.1109/100.486658},
    issn = {10709932},
    pmid = {15003161},
    arxivId = {arXiv:gr-qc/9809069v1},
    archivePrefix = {arXiv},
    eprint = {9809069v1},
    primaryClass = {gr-qc}
}

@article{Informatica2001AWeb,
    title = {{a Simulation Framework for Cluster-Based Web}},
    year = {2001},
    author = {Informatica, Dipartimento and Produzione, Sistemi and Tor, Roma and Poleggi, Marco Emilio},
    pages = {10--22},
    keywords = {caching, cluster-based web systems, cooperation, performance evaluation, simulation framework}
}

@inproceedings{Arakawa2008APipes,
    title = {{A study on effects of mixing different gases in pipes}},
    year = {2008},
    booktitle = {2008 Asia Simulation Conference - 7th International Conference on System Simulation and Scientific Computing, ICSC 2008},
    author = {Arakawa, Masahiro and Kagawa, Toshiharu and Takeuchi, Masaaki and Rokuka, Takatoshi and Someya, Takefumi},
    pages = {1046--1049},
    isbn = {9781424417872},
    doi = {10.1109/ASC-ICSC.2008.4675519},
    issn = {978-1-4244-1786-5}
}

@article{1999APapers,
    title = {{A T X Class and B ib T X Style aiaa â a L for AIAA Conference Papers}},
    year = {1999},
    pages = {1--9}
}

@article{Team2015AcceptanceAgreement,
    title = {{Acceptance Agreement}},
    year = {2015},
    author = {Team, Undergraduate and Award, Experience},
    number = {July},
    pages = {83592007}
}

@article{AuthorAdvancedPaper,
    title = {{Advanced Example of AIAA Technical Conference Paper}},
    author = {Author, First A and Author, Second B and Author, Third C},
    pages = {1--3}
}

@article{ShapiroAdvancedTurbopumps,
    title = {{Advanced Helium Purge Seals for Liquid Oxygen (LOX) Turbopumps}},
    author = {Shapiro, W and Lee, C C},
    number = {March 1989}
}

@article{Emmerich2016AluminumAlloys,
    title = {{Aluminum Bronze Alloys}},
    year = {2016},
    author = {Emmerich, Dick and Myers, Jim and Anderson, Rod and Jones, Ian and Schumacher, Kevin},
    number = {March},
    pages = {7700}
}

@article{Schultz2014AnJoints,
    title = {{An experimental study of the compression response of fluted-core composite panels with joints}},
    year = {2014},
    journal = {Composites Part B: Engineering},
    author = {Schultz, Marc R. and Rose, Cheryl A. and Guzman, J. Carlos and McCarville, Douglas and Hilburger, Mark W.},
    pages = {229--237},
    volume = {61},
    isbn = {9781600869372},
    doi = {10.1016/j.compositesb.2013.12.029},
    issn = {13598368},
    keywords = {A. Polymer-matrix composites (PMCs), D. Mechanical testing, E. Joints/joining, Fluted-core sandwich composites}
}

@article{Pietrobon2009AnalysisMasses,
    title = {{Analysis of Propellant Tank Masses}},
    year = {2009},
    author = {Pietrobon, Steven S},
    number = {November 2008},
    pages = {1--30}
}

@article{Tian2011AnisotropicMaterials,
    title = {{Anisotropic Thermal Property Measurement of Carbon-fiber / Epoxy Composite Materials}},
    year = {2011},
    journal = {Mechanical (and Materials) Engineering -- Dissertations, Theses, and Student Research. Paper 27},
    author = {Tian, Tian}
}

@article{SolidworksAppendixTutorial,
    title = {{Appendix B â STL Tutorial}},
    author = {Solidworks, B}
}

@article{July2011ArticleTitle,
    title = {{Article Title}},
    year = {2011},
    journal = {Changes},
    author = {July, Author},
    pages = {1--2},
    keywords = {keyword}
}

@misc{AutomatedSenect,
    title = {{Automated Bubble Trap | Senect}},
    url = {http://www.senect.de/abt/}
}

@article{AuthorBare-BonesPapers,
    title = {{Bare-Bones L TEX Template for AIAA Technical Conference Papers}},
    author = {Author, First A and Author, Second B and Author, Third C},
    pages = {1--3}
}

@misc{BMS_8_139_hexcel_f161_data_sheet.pdf,
    title = {{BMS{\_}8{\_}139{\_}hexcel{\_}f161{\_}data{\_}sheet.pdf}}
}

@misc{C-M-1.Pdf,
    title = {{C-M-1.Pdf}}
}

@article{Choset2007Ch.Planning,
    title = {{Ch. 03: Configuration Space BT  - Robot Motion Planning}},
    year = {2007},
    journal = {Robot Motion Planning},
    author = {Choset, Howie},
    pages = {1--71}
}

@article{Technologies2002ChapterCoefficients,
    title = {{Chapter 17 Material Expansion Coefficients}},
    year = {2002},
    journal = {Laser and Optics User's Manual},
    author = {Technologies, Agilent},
    pages = {17--1}
}

@article{E.J.Hern1997ChapterGradients,
    title = {{Chapter 4{\_}Rings, discs and cylinders subjected to rotation and thermal gradients}},
    year = {1997},
    journal = {Mechanics of materials 2},
    author = {{E.J.Hern}},
    pages = {117--140},
    isbn = {9780750632669},
    doi = {10.1016/B978-075063266-9/50005-6}
}

@article{Gollakota2017Cloud-AssistedDriving,
    title = {{Cloud-Assisted Design for Autonomous Driving .â Proceedings of Accessed Citable Link Detailed Terms A Cloud-Assisted Design for Autonomous Driving}},
    year = {2017},
    author = {Gollakota, Shyamnath and A, Dina Katabi and Kumar, Swarun and Katabi, Dina}
}

@article{Farias2017CompositeTank,
    title = {{Composite Cryogenic Fuel Tank}},
    year = {2017},
    author = {Farias, Alex},
    number = {503}
}

@article{Farias2017CompositeTankb,
    title = {{Composite Cryogenic Fuel Tank}},
    year = {2017},
    author = {Farias, Alex},
    number = {503}
}

@article{Farias2017CompositeTankc,
    title = {{Composite Cryogenic Fuel Tank}},
    year = {2017},
    author = {Farias, Alex},
    number = {503}
}

@article{LeadCompositeContract,
    title = {{Composite Cryogenic Fuel Tank ME 492 Capstone- Project Contract}},
    author = {Lead, Team and Farias, Alex and Members, Team and Benkelman, Neil and Berger, Russell and Frattaroli, Francesca and Peterson, Weldon}
}

@article{Lead2017CompositeContract,
    title = {{Composite Cryogenic Fuel Tank ME 492 Capstone- Project Contract}},
    year = {2017},
    author = {Lead, Team and Farias, Alex and Members, Team and Benkelman, Neil and Berger, Russell and Frattaroli, Francesca and Peterson, Weldon and Wilson, Christopher}
}

@article{BergerCompositeN,
    title = {{Composite Fuel Tank Team Capstone Project Proposal â Team Rocket â o f t eam m c n PSAS Composite Fuel Tank Team Capstone Project Proposal â Team Rocket â p f c t p o r n}},
    author = {Berger, Russell and Contact, Primary Team and Avia, Atomic}
}

@misc{ConcentricCalculations,
    title = {{Concentric Cylinder Calculations}}
}

@article{Time2010ConfigurationPlanning,
    title = {{Configuration Space for Motion Planning}},
    year = {2010},
    author = {Time, Last}
}

@article{CONTROLRocket,
    title = {{CONTROL ID: 2724993 TITLE: Design and Manufacture of Liquid Oxygen Propellent Tank for University Rocket}},
    pages = {2724993}
}

@article{1997CrosbyHandbook,
    title = {{Crosby Pressure Relief Valve Engineering Handbook}},
    year = {1997},
    number = {May}
}

@misc{Cryocoat-UL79-DS2003.pdf,
    title = {{Cryocoat-UL79-DS2003.pdf}}
}

@article{CryocoatCTD620T,
    title = {{CTD â s CryoCoat â¢ CTD â s CryoCoat â¢ 620T}},
    author = {Cryocoat, C T D}
}

@article{SheetCYCOMResin,
    title = {{CYCOM {\textregistered} 6070 PHENOLIC RESIN CYCOM {\textregistered} 6070 Phenolic Resin}},
    author = {Sheet, Technical Data}
}

@article{2012D45,
    title = {{d 1 = 30 g d 2 = 45}},
    year = {2012},
    pages = {2012},
    volume = {12}
}

@article{Data2013Data3900,
    title = {{Data Sheet 3900}},
    year = {2013},
    author = {Data, Resin and Expectancy, Prepreg Storage},
    number = {May},
    pages = {299--301}
}

@article{Sauer1977DeformationPressure,
    title = {{Deformation, yield and fracture of polymers at high pressure}},
    year = {1977},
    journal = {Polymer Engineering {\&} Science},
    author = {Sauer, J. A.},
    number = {3},
    pages = {150--164},
    volume = {17},
    isbn = {0887-6266},
    doi = {10.1002/pen.760170304},
    issn = {15482634}
}

@article{DegreesMechanisms:,
    title = {{degrees of freedom and m = 3 for planar mechanisms or m = 6 for spatial mechanisms:}},
    number = {3},
    pages = {1--6},
    volume = {1}
}

@article{Shields2014DesignFiber,
    title = {{Design and Manufacture of an Open-Hardware University Rocket Airframe using Carbon Fiber}},
    year = {2014},
    author = {Shields, Joseph and Bonner, Brandon and Elwood, Leslie and Nelson, Erik and East, Jacob},
    pages = {1--3}
}

@article{Benkelman2016DesignRocket,
    title = {{Design and Manufacture of Composite Liquid Oxygen Propellent Tank for University Rocket}},
    year = {2016},
    author = {Benkelman, Neil and Berger, Russell and Peterson, Weldon and Farias, Alex and Frattaroli, Francesca},
    pages = {1--5}
}

@article{September2005DigitalPain,
    title = {{Digital filtering without the pain}},
    year = {2005},
    author = {September, Gary A Geissinger},
    number = {3},
    pages = {1--17}
}

@article{Sensor2014Digital:,
    title = {{Digital relative humidity {\&} t emperature sensor RHT03 : 1 . Feature {\&} Application Application : 2 . Description : 3 . Technical Specification : 5 . Electrical connection diagram : 6 . Operating specifications :}},
    year = {2014},
    author = {Sensor, Flammable Gas and Stability, Long-term},
    pages = {1--5}
}

@article{Frattaroli2017DynamicGauge,
    title = {{Dynamic Testing of Strain in a Cantilever Beam using a Strain Gauge}},
    year = {2017},
    author = {Frattaroli, Francesca and Ringle, Dan}
}

@article{Frattaroli2017DynamicGaugeb,
    title = {{Dynamic Testing of Strain in a Cantilever Beam using a Strain Gauge}},
    year = {2017},
    author = {Frattaroli, Francesca and Ringle, Dan}
}

@article{2017EngineeringMeasurement,
    title = {{Engineering Measurement}},
    year = {2017}
}

@article{2017EngineeringMeasurementb,
    title = {{Engineering Measurement}},
    year = {2017},
    number = {part 2},
    volume = {4}
}

@article{2017EngineeringMeasurementc,
    title = {{Engineering Measurement}},
    year = {2017}
}

@article{2017EngineeringMotivation,
    title = {{Engineering Measurement Introduction {\&} Motivation}},
    year = {2017}
}

@article{2017EngineeringStatistics,
    title = {{Engineering Measurement Probability {\&} Statistics}},
    year = {2017}
}

@article{2017EngineeringStatisticsb,
    title = {{Engineering Measurement Probability {\&} Statistics}},
    year = {2017}
}

@article{2017EngineeringStatisticsc,
    title = {{Engineering Measurement Probability {\&} Statistics}},
    year = {2017}
}

@article{2017EngineeringStatisticsd,
    title = {{Engineering Measurement Probability {\&} Statistics}},
    year = {2017}
}

@article{2017EngineeringStatisticse,
    title = {{Engineering Measurement Probability {\&} Statistics}},
    year = {2017}
}

@article{2017EngineeringStatisticsf,
    title = {{Engineering Measurement Probability {\&} Statistics}},
    year = {2017}
}

@article{2017EngineeringWaveforms,
    title = {{Engineering Measurement Waveforms}},
    year = {2017},
    number = {part 1},
    volume = {4}
}

@article{FeaturesEP21TCHT-1,
    title = {{EP21TCHT-1}},
    author = {Features, Key and Bond, Master},
    number = {201},
    pages = {14--16},
    volume = {1}
}

@article{FeaturesEP29LPSP,
    title = {{EP29LPSP}},
    author = {Features, Key and Bond, Master},
    number = {201},
    pages = {4--6},
    volume = {1}
}

@article{FeaturesEP29LPSPAO,
    title = {{EP29LPSPAO}},
    author = {Features, Key and Bond, Master},
    number = {201},
    pages = {27--29},
    volume = {1}
}

@article{2010ExperimentThermocouples,
    title = {{Experiment 1 : Response Characteristics of Thermocouples}},
    year = {2010},
    pages = {2--5}
}

@article{Output2017EXPERIMENT:,
    title = {{EXPERIMENT 2 : STRAIN GAGE DYNAMIC TESTING Objective : Theory : Equipment : Procedure :}},
    year = {2017},
    author = {Output, Strain and Eq, Solving and Beam, Cantilever},
    pages = {1--6}
}

@article{Berger2017ExperimentShear,
    title = {{Experiment 3 : Measurement of the Bonding Strength of METLBOND on Carbon Fiber , Aluminum , and PTFE in Shear}},
    year = {2017},
    author = {Berger, Russell and Benkelman, Neil and Farias, Alex and Frattaroli, Francesca and Peterson, Weldon and Wilson, Christopher}
}

@misc{Facebook,
    title = {{Facebook}},
    url = {https://www.facebook.com/}
}

@misc{Facebookb,
    title = {{Facebook}},
    url = {https://www.facebook.com/}
}

@misc{Facebookc,
    title = {{Facebook}},
    url = {https://www.facebook.com/}
}

@misc{Figure_magnet.pdf,
    title = {{figure{\_}magnet.pdf}}
}

@article{CommitteeonCataloging:DescriptionAccess.TaskForceonMetadata2000FinalReport,
    title = {{Final Report}},
    year = {2000},
    journal = {Association for Library Collections and Technical Services },
    author = {{Committee on Cataloging: Description {\&} Access. Task Force on Metadata}},
    pages = {24},
    url = {http://www.libraries.psu.edu/tas/jca/ccda/tf-meta6.html},
    isbn = {9780791802915},
    doi = {10.1115/1.802915.ch1}
}

@article{RitterFinal557,
    title = {{Final Report for ME 457 / 557}},
    author = {Ritter, Aimee and Frattaroli, Francesca and Scott, Ryan and Bennett, Christian}
}

@article{ChaoFLAMMABILITYLAMINATES,
    title = {{FLAMMABILITY STUDIES OF SILICONE AND PHENOLIC RESINS AND THEIR COMPOSITE LAMINATES}},
    author = {Chao, Timothy C and Sarmah, Satyendra K and Burns, Gary T and Katsoulis, Dimitris E},
    pages = {1--13},
    volume = {25}
}

@misc{FluidProject,
    title = {{Fluid Midterm Project}}
}

@misc{FluidSave_08_9am,
    title = {{Fluid Midterm Project-Local Save{\_}08{\_}9am}}
}

@article{ViscosityFluid46.1,
    title = {{Fluid Viscosity Measurement 46.1}},
    author = {Viscosity, Fluid}
}

@article{Corning2011FOAMGLASApplications,
    title = {{FOAMGLAS {\textregistered}  Insulation Systems for industrial applications}},
    year = {2011},
    author = {Corning, Pittsburgh}
}

@article{Hw2017FrancescaFrattaroli,
    title = {{Francesca Frattaroli For the following filter designs , data is sampled at 500 Hz . A copy of code is sufficient to demonstrate â Design â. Francesca Frattaroli}},
    year = {2017},
    author = {Hw, M E and Frattaroli, Francesca},
    pages = {2--7}
}

@article{Hw2017FrancescaFrattarolib,
    title = {{Francesca Frattaroli For the following filter designs , data is sampled at 500 Hz . A copy of code is sufficient to demonstrate â Design â. Francesca Frattaroli}},
    year = {2017},
    author = {Hw, M E and Frattaroli, Francesca},
    pages = {2--7}
}

@article{Hw2017FrancescaRedo,
    title = {{Francesca Frattaroli For the following filter designs , data is sampled at 500 Hz . A copy of code is sufficient to demonstrate â Design â. Francesca Frattaroli ME557 {\_} HW2 Redo}},
    year = {2017},
    author = {Hw, M E and Francesca, Redo},
    pages = {2--7}
}

@article{FrattaroliFrancesca0217-02-08,
    title = {{Francesca Frattaroli ME557 Midterm Report 0217-02-08}},
    author = {Frattaroli, Francesca}
}

@misc{Frattaroli_Francesca_Project_Contract_DraftPSAS_Composite_Tank_Capstone.pdf,
    title = {{Frattaroli{\_}Francesca{\_}Project{\_}Contract{\_}DraftPSAS{\_}Composite{\_}Tank{\_}Capstone.pdf}}
}

@misc{Frattaroli_Francesca_RequirementsMeasurementsMatrix_Draft__PSAS_Composite_Tank_Capstone_20170204.pdf,
    title = {{Frattaroli{\_}Francesca{\_}RequirementsMeasurementsMatrix{\_}Draft{\_}{\_}PSAS{\_}Composite{\_}Tank{\_}Capstone{\_}20170204.pdf}}
}

@article{InterlinkElectronics2012FSRResistors,
    title = {{FSR 400 Series Data Sheet - Force Sensing Resistors}},
    year = {2012},
    author = {{Interlink Electronics}},
    pages = {1--6},
    isbn = {1805484885}
}

@misc{GaussianFilters.pdf,
    title = {{Gaussian Filters.pdf}}
}

@article{GeneralInformation,
    title = {{General Disclaimer One or more of the Following Statements may affect this Document This document has been reproduced from the best copy furnished by the organizational source . It is being released in the interest of making available as much information }}
}

@article{PfaGeneralResins,
    title = {{General Properties of Teflon FEP Typical Properties of Teflon {\textregistered} FEP Fluoropolymer Resins}},
    author = {Pfa, Teflon and Fep, Teflon and Astm, The and Ptfe, Teflon}
}

@misc{GettingWith,
    title = {{Getting Started with}},
    booktitle = {Notes}
}

@misc{Git-cheat-sheet-by-rebellabs,
    title = {{git-cheat-sheet-by-rebellabs}}
}

@misc{Google,
    title = {{Google}},
    url = {http://www.google.com/logos/doodles/2016/walter-cronkites-100th-birthday-4805020395503616.5-hp2x.gif https://www.google.com/}
}

@misc{Googleb,
    title = {{Google}},
    url = {http://www.google.com/logos/doodles/2016/walter-cronkites-100th-birthday-4805020395503616.5-hp2x.gif https://www.google.com/}
}

@misc{Googlec,
    title = {{Google}},
    url = {http://www.google.com/logos/doodles/2016/walter-cronkites-100th-birthday-4805020395503616.5-hp2x.gif https://www.google.com/}
}

@misc{Googled,
    title = {{Google}},
    url = {http://www.google.com/logos/doodles/2016/walter-cronkites-100th-birthday-4805020395503616.5-hp2x.gif https://www.google.com/}
}

@misc{Googlee,
    title = {{Google}},
    url = {http://www.google.com/logos/doodles/2016/walter-cronkites-100th-birthday-4805020395503616.5-hp2x.gif https://www.google.com/}
}

@misc{Googlef,
    title = {{Google}},
    url = {http://www.google.com/logos/doodles/2016/walter-cronkites-100th-birthday-4805020395503616.5-hp2x.gif https://www.google.com/}
}

@misc{Googleg,
    title = {{Google}},
    url = {http://www.google.com/logos/doodles/2016/walter-cronkites-100th-birthday-4805020395503616.5-hp2x.gif https://www.google.com/}
}

@article{Waldron2005HandbookKinematics,
    title = {{Handbook of Robotics Chapter 1 : Kinematics}},
    year = {2005},
    journal = {Reading},
    author = {Waldron, Ken},
    pmid = {1000104904}
}

@article{2017Homework4,
    title = {{Homework 4}},
    year = {2017},
    number = {February},
    pages = {2017},
    volume = {3}
}

@article{HexcelComposites1999HoneycombProperties,
    title = {{Honeycomb Attributes and Properties, A comprehensive guide to standard Hexcel honeycomb materials, configurations, and mechanical properties}},
    year = {1999},
    journal = {Honeycomb Data Sheets},
    author = {{Hexcel Composites}},
    pages = {1--40},
    url = {http://scholar.google.com/scholar?hl=en&btnG=Search&q=intitle:Honeycomb+attributes+and+properties#4},
    keywords = {web}
}

@article{Farber2013How,
    title = {{How to Register for {\ldots}}},
    year = {2013},
    author = {Farber, Scott},
    pages = {2013}
}

@article{2017Https://d2l.pdx.edu/content/enforced/618761-OFFERING_XLIST_GD_...,
    title = {{https://d2l.pdx.edu/content/enforced/618761-OFFERING{\_}XLIST{\_}GD{\_}...}},
    year = {2017},
    pages = {618761}
}

@article{2017Https://d2l.pdx.edu/content/enforced/618761-OFFERING_XLIST_GD_...b,
    title = {{https://d2l.pdx.edu/content/enforced/618761-OFFERING{\_}XLIST{\_}GD{\_}...}},
    year = {2017},
    pages = {618761}
}

@article{HWArm,
    title = {{HW â Arm}}
}

@misc{Hw2_Ans.Pdf,
    title = {{Hw2{\_}Ans.Pdf}}
}

@misc{Hw3Ans.Pdf,
    title = {{Hw3 Ans.Pdf}}
}

@misc{Hw4Ans.Pdf,
    title = {{Hw4 Ans.Pdf}}
}

@article{Editorial2010IeeeManual,
    title = {{Ieee Editorial Style Manual}},
    year = {2010},
    journal = {IEEE Editorial},
    author = {Editorial, Ieee},
    pages = {1--18},
    doi = {ggg},
    issn = {0957-0233}
}

@article{JacobsonIntroductionRobocontroller,
    title = {{Introduction to Dynamixel Motor Control Using the ArbotiX-M Robocontroller}},
    author = {Jacobson, Daniel},
    pages = {1--65}
}

@book{Lynch2016IntroductionControl,
    title = {{Introduction To Modern Robotics Mechanics, Planning, and Control}},
    year = {2016},
    author = {Lynch, Kevin M. and Park, Frank C.},
    number = {May},
    pages = {408},
    isbn = {978-0201543612},
    doi = {10.1109/MEX.1986.4306961},
    issn = {0885-9000},
    pmid = {257998375},
    arxivId = {0712.0689}
}

@book{Lynch2016IntroductionControlb,
    title = {{Introduction To Modern Robotics Mechanics, Planning, and Control}},
    year = {2016},
    author = {Lynch, Kevin M. and Park, Frank C.},
    number = {May},
    pages = {408},
    isbn = {978-0201543612},
    doi = {10.1109/MEX.1986.4306961},
    issn = {0885-9000},
    pmid = {257998375},
    arxivId = {0712.0689}
}

@article{Saha2008IntroductionRobotics,
    title = {{Introduction to robotics}},
    year = {2008},
    journal = {McGraw-Hill Education (India)},
    author = {Saha, Subir Kumar},
    pages = {1--21},
    url = {http://www.ncbi.nlm.nih.gov/pubmed/21917105},
    isbn = {0262133830},
    doi = {10.1111/j.1464-410X.2011.10513.x},
    issn = {1464-410X},
    pmid = {21917105},
    arxivId = {0712.0689}
}

@article{Aeronautics1966INVESTIGATIONTANKS,
    title = {{INVESTIGATION OF BONDED FILAMENT-WOUND FIBER-GLASS CRYOGENIC PROPELLANT TANKS}},
    year = {1966},
    author = {Aeronautics, National},
    number = {January}
}

@article{IRobotCreate,
    title = {{iRobot Create}}
}

@article{InterfaceIRobotCreate,
    title = {{iRobot Create}},
    author = {Interface, Open}
}

@article{2012IsR,
    title = {{is outward pointing. (c) For part (b), give the expressions for r}},
    year = {2012},
    number = {c},
    pages = {5--7},
    volume = {12}
}

@article{Conservation2005ItT,
    title = {{It Is T}},
    year = {2005},
    author = {Conservation, Heritage},
    pages = {9--11},
    volume = {61}
}

@article{Ingargiola2016JupyterDocumentation,
    title = {{Jupyter / IPython Notebook Quick Start Guide Documentation}},
    year = {2016},
    author = {Ingargiola, Antonino}
}

@article{Jupyter.org2016JupyterDocumentation,
    title = {{Jupyter documentation}},
    year = {2016},
    author = {{Jupyter.org}}
}

@article{K,
    title = {{K = K ( x 1 ) = (}},
    pages = {2},
    volume = {2}
}

@article{Kirby1956L,
    title = {{L {\~{}}}},
    year = {1956},
    author = {Kirby, Richard K},
    number = {2},
    pages = {91--94},
    volume = {57}
}

@article{One2017LabData,
    title = {{Lab Assignment 2 : SubVIs , Writing Files , Acquiring Data}},
    year = {2017},
    author = {One, Column Header and Diagram, Block and Control, Numeric},
    pages = {1--13}
}

@article{Output2017LAB:,
    title = {{LAB ASSIGNMENT 3 : STRAIN GAGE INSTALLATION AND STATIC TESTING Objective : Theory : Equipment : Procedure :}},
    year = {2017},
    author = {Output, Strain and Eq, Solving and Micromeasurements, Vishay and Beam, Cantilever},
    pages = {1--4}
}

@article{Fischer2016Launchers,
    title = {{Launchers}},
    year = {2016},
    author = {Fischer, Wolfgang P P and Laabs, Antje and Cabulis, Ugis and Yakushin, Vladimir and Tomography, Computer and Agency, German Space},
    number = {July},
    pages = {1--12}
}

@article{AirProductsandChemicals2015LiquidOxygen,
    title = {{Liquid oxygen}},
    year = {2015},
    author = {Air Products and Chemicals, Inc.}
}

@article{SpaceLIQUIDTANKS,
    title = {{LIQUID ROCKET METAL TANKS}},
    author = {Space, Nasa and Design, Vehicle and Propulsion, Chemical}
}

@article{Zesus1991LowPolymers,
    title = {{Low Temperature Properties of Polymers}},
    year = {1991},
    journal = {Key Engineering Materials},
    author = {{Zesus}},
    pages = {35--46},
    volume = {59-60},
    doi = {10.4028/www.scientific.net/KEM.59-60.35}
}

@article{Mmm,
    title = {{M is the moment (Force (N) x Length (m)) c is the distance from the center of the beam to the point where the strain is being measured (h/2 in this case) (mm)}},
    number = {3},
    pages = {2--7}
}

@article{Science2014MaseehEngineering,
    title = {{Maseeh College of Engineering and Computer Science Department of Mechanical and Materials Engineering}},
    year = {2014},
    author = {Science, Computer},
    pages = {97207}
}

@article{Esposito2011MatlabCreate,
    title = {{Matlab Toolbox for the iRobot Create}},
    year = {2011},
    author = {Esposito, Joel and Lim, David},
    pages = {1--28},
    volume = {0}
}

@article{Cohesion2017MEPrincipl,
    title = {{ME 491 Team Contract for PSAS Composite Cryogenic Fuel Tank Capstone Winter 2017 In order to function professionally , efficiently and effectively as a team , members of â the â â PSAS Composite Cryogenic Fuel Tank Capstone agree to the following principl}},
    year = {2017},
    author = {Cohesion, Group and Manager, Team and Modeling, Alex Solid and Dimensioning, Francesca and Documentation, Weldon and Analysis, F E Thermal and Vendor, Alex and Manufacturing, Francesca Layup and Experimental, Russell and Failure, Russell and Drive, Google and Notebook, Jupyter and Meetings, Team},
    pages = {1--2}
}

@article{Frattaroli2017MEData,
    title = {{ME 557 Homework {\#} 4 Graph of Strain Gauge Data}},
    year = {2017},
    author = {Frattaroli, Francesca},
    number = {30},
    pages = {2--6}
}

@article{2017ME411Systems,
    title = {{ME411 Engineering Measurement and Instrumentation Systems}},
    year = {2017},
    number = {March},
    pages = {2017}
}

@article{Benkelman2017ME493Tank,
    title = {{ME493 4/21/17 Portland State Aerospace Societyâs Composite Cryogenic Fuel Tank}},
    year = {2017},
    author = {Benkelman, Neil and Berger, Russell and Farias, Alex and Frattaroli, Francesca and Peterson, Weldon},
    pages = {5000}
}

@article{Nunes2011MechanicalRates,
    title = {{Mechanical behavior of polytetrafluoroethylene in tensile loading under different strain rates}},
    year = {2011},
    journal = {Polymer Testing},
    author = {Nunes, L. C S and Dias, F. W R and Da Costa Mattos, H. S.},
    number = {7},
    pages = {791--796},
    volume = {30},
    publisher = {Elsevier Ltd},
    url = {http://dx.doi.org/10.1016/j.polymertesting.2011.07.004},
    doi = {10.1016/j.polymertesting.2011.07.004},
    issn = {01429418},
    keywords = {Constitutive model, Polytetrafluoroethylene, Strain rates}
}

@article{Elements2016METLBONDINGREDIENTS,
    title = {{METLBOND {\textregistered} 1515-3M Structural Adhesive 3 . COMPOSITION / INFORMATION ON INGREDIENTS}},
    year = {2016},
    author = {Elements, Label},
    pages = {1--12},
    isbn = {1800424930}
}

@misc{ME_541_Midterm_Project,
    title = {{ME{\_}541{\_}Midterm{\_}Project}}
}

@article{Wu2013MiniDisease,
    title = {{Mini Review: linkages between essential tremor and Parkinson's disease?}},
    year = {2013},
    journal = {Frontiers in cellular neuroscience},
    author = {Wu, Yiwen and Ding, Jianqing and Gao, Yuan and Chen, Shangdi and Li, Li and Li, Rena},
    number = {July},
    pages = {1--5},
    volume = {7},
    url = {http://www.pubmedcentral.nih.gov/articlerender.fcgi?artid=3728484&tool=pmcentrez&rendertype=abstract},
    isbn = {1662-5102},
    doi = {10.3389/fncel.2013.00118},
    issn = {1662-5102},
    pmid = {23914155},
    keywords = {Parkinson disease, brain imaging, essential tremor, genetic markers, intensity, parkinson disease, tremor frequency}
}

@article{Hedayat2016ModelingTank,
    title = {{Modeling and analysis of chill and fill processes for the cryogenic storage and transfer engineering development unit tank}},
    year = {2016},
    journal = {Cryogenics},
    author = {Hedayat, A. and Cartagena, W. and Majumdar, A. K. and LeClair, A. C.},
    pages = {106--112},
    volume = {74},
    publisher = {Elsevier Ltd},
    url = {http://dx.doi.org/10.1016/j.cryogenics.2015.11.003},
    doi = {10.1016/j.cryogenics.2015.11.003},
    issn = {00112275},
    keywords = {Chilldown, Heat transfer, Liquid hydrogen, Modeling}
}

@book{Lynch2017ModernRobotics,
    title = {{Modern robotics}},
    year = {2017},
    author = {Lynch, Kevin M and Park, Frank C},
    number = {May},
    isbn = {9781107156302}
}

@article{LaValle2011MotionPlanning,
    title = {{Motion Planning}},
    year = {2011},
    journal = {Robotics {\&} Automation Magazine, IEEE},
    author = {LaValle, S M},
    number = {1},
    pages = {79--89},
    volume = {18},
    isbn = {1070-9932},
    doi = {10.1109/mra.2011.940276},
    issn = {1070-9932},
    keywords = {collision avoidance, differential constraints, feedback, mobile robots, motion planning, obstacle avoidance problem, path planning, piano mover problem, robotics, uncertain systems, uncertainty}
}

@article{Filters1991MovingFilters,
    title = {{Moving Average Filters}},
    year = {1991},
    journal = {Economics Letters},
    author = {Filters, Moving Average},
    number = {4},
    pages = {277--284},
    volume = {37},
    url = {http://linkinghub.elsevier.com/retrieve/pii/016517659190077X},
    isbn = {0966017633},
    doi = {10.1016/0165-1765(91)90077-X},
    issn = {01651765},
    pmid = {15281959}
}

@article{NoTitle,
    title = {{No Title}}
}

@article{NoTitleb,
    title = {{No Title}}
}

@article{NoTitlec,
    title = {{No Title}}
}

@article{NoTitled,
    title = {{No Title}}
}

@article{Systems1910NoTitle,
    title = {{No Title}},
    year = {1910},
    author = {Systems, Two- Phase and Hatschek, Emil and Systems, Two-phase},
    number = {2},
    pages = {80--92}
}

@article{2004NoTitle,
    title = {{No Title}},
    year = {2004},
    number = {November}
}

@article{NoTitlee,
    title = {{No Title}}
}

@article{NoTitlef,
    title = {{No Title}}
}

@article{NoTitleg,
    title = {{No Title}}
}

@article{NoTitleh,
    title = {{No Title}}
}

@article{NoTitlei,
    title = {{No Title}}
}

@article{NoTitlej,
    title = {{No Title}}
}

@article{NoTitlek,
    title = {{No Title}}
}

@article{Fuel2017NoTitle,
    title = {{No Title}},
    year = {2017},
    author = {Fuel, Composite and Capstone, Tank and Wilson, Chris and Peterson, Weldon and Frattaroli, Francesca and Berger, Russell and Benkelman, Neil},
    pages = {2017}
}

@article{NoTitlel,
    title = {{No Title}},
    pages = {6--7}
}

@article{NoTitlem,
    title = {{No Title}},
    pages = {16--17}
}

@article{NoTitlen,
    title = {{No Title}},
    pages = {557},
    volume = {1}
}

@article{NoTitleo,
    title = {{No Title}},
    pages = {9}
}

@article{NoTitlep,
    title = {{No Title}}
}

@article{Hunt2016NoTitle,
    title = {{No Title}},
    year = {2016},
    author = {Hunt, Alexander}
}

@article{Hunt2016NoTitleb,
    title = {{No Title}},
    year = {2016},
    author = {Hunt, Alexander}
}

@article{Frattaroli2017NoTitle,
    title = {{No Title}},
    year = {2017},
    author = {Frattaroli, Francesca}
}

@article{Frattaroli2017NoTitleb,
    title = {{No Title}},
    year = {2017},
    author = {Frattaroli, Francesca}
}

@article{Frattaroli2017NoTitlec,
    title = {{No Title}},
    year = {2017},
    author = {Frattaroli, Francesca}
}

@article{Frattaroli2017NoTitled,
    title = {{No Title}},
    year = {2017},
    author = {Frattaroli, Francesca}
}

@article{Frattaroli2017NoTitlee,
    title = {{No Title}},
    year = {2017},
    author = {Frattaroli, Francesca}
}

@article{2017NoTitle,
    title = {{No Title}},
    year = {2017},
    pages = {2017}
}

@article{FrattaroliNoTitle,
    title = {{No Title}},
    author = {Frattaroli, Francesca and Benkelman, Neil and Berger, Russell and Farias, Alex},
    pages = {492}
}

@article{NoTitleq,
    title = {{No Title}}
}

@article{2017NoTitleb,
    title = {{No Title}},
    year = {2017}
}

@article{NoTitler,
    title = {{No Title}}
}

@article{NoTitles,
    title = {{No Title}},
    pages = {557},
    volume = {1}
}

@article{NoTitlet,
    title = {{No Title}},
    pages = {557},
    volume = {1}
}

@article{2000NoTitle,
    title = {{No Title}},
    year = {2000},
    pages = {2000}
}

@article{NoTitleu,
    title = {{No Title}},
    pages = {411}
}

@article{NoTitlev,
    title = {{No Title}},
    pages = {6}
}

@article{NoTitlew,
    title = {{No Title}},
    pages = {50}
}

@article{NoTitlex,
    title = {{No Title}},
    pages = {793},
    volume = {6}
}

@article{2017NoTitlec,
    title = {{No Title}},
    year = {2017}
}

@misc{NoTitley,
    title = {{No Title}},
    url = {https://www.nytimes.com/2014/08/18/technology/for-big-data-scientists-hurdle-to-insights-is-janitor-work.html}
}

@article{2017NoTitled,
    title = {{No Title}},
    year = {2017},
    number = {June},
    pages = {2017}
}

@article{NoTitlez,
    title = {{No Title}},
    pages = {100}
}

@article{FrattaroliNoTitleb,
    title = {{No Title}},
    author = {Frattaroli, Francesca and Benkelman, Neil and Berger, Russell and Farias, Alex},
    pages = {492}
}

@article{Frattaroli2017NoTitlef,
    title = {{No Title}},
    year = {2017},
    author = {Frattaroli, Francesca},
    number = {201},
    pages = {8983}
}

@article{2017NoTitlee,
    title = {{No Title}},
    year = {2017},
    pages = {2017}
}

@article{Faris2017NoTitle,
    title = {{No Title}},
    year = {2017},
    author = {Faris, Alex},
    number = {10171},
    pages = {92078}
}

@misc{NoTitleba,
    title = {{No Title}},
    url = {https://github.com/psas/liquid-engine-analysis/blob/master/optimization/LV4_optimization_white_paper.pdf}
}

@misc{Pecina1978Observation1974,
    title = {{Observation of the sporadic background in Nov. 1974}},
    year = {1978},
    booktitle = {Bulletin of the Astronomical Institutes of Czecheslovakia},
    author = {Pecina, P.},
    number = {6},
    volume = {29},
    isbn = {9781617796029},
    doi = {10.1002/2014GB005021},
    issn = {09226389}
}

@article{Lanier2017OregonConsortium,
    title = {{Oregon NASA Space Grant Consortium}},
    year = {2017},
    author = {Lanier, Catherine},
    pages = {1--2}
}

@article{Benkelman2017OSGCProject,
    title = {{OSGC Budget for PSAS Composite Cryogenic Fuel Tank Project}},
    year = {2017},
    author = {Benkelman, Neil},
    pages = {12--13}
}

@article{Benkelman2017OSGCProjectb,
    title = {{OSGC Budget for PSAS Composite Cryogenic Fuel Tank Project}},
    year = {2017},
    author = {Benkelman, Neil}
}

@article{Initiative2017OSGCProposals,
    title = {{OSGC Undergraduate Team Experience Award Program Call for Proposals}},
    year = {2017},
    author = {Initiative, Student Launch and Competition, Rocket Engineering and Challenge, Rover and Guidelines, Proposal},
    pages = {1--4}
}

@book{NotePhysicalPTFE,
    title = {{Physical properties of Fluon {\textregistered} unfilled and filled PTFE}},
    booktitle = {Experimental Techniques},
    author = {Note, Technical Service},
    isbn = {1884207847}
}

@article{Francesca2017PortlandRecommendation,
    title = {{Portland State Aeronautics Society : Master Bond Product Recommendation}},
    year = {2017},
    author = {Francesca, Hello},
    pages = {3--4}
}

@article{2017PositionIntern,
    title = {{Position {\#} 61707 â College Air Quality Lab Intern}},
    year = {2017},
    pages = {61707},
    volume = {25}
}

@article{AuthorPreparationConferences,
    title = {{Preparation of Papers for AIAA Technical Conferences}},
    author = {Author, First A and Author, Second B and Author, Third C},
    pages = {1--8}
}

@article{MacoskoPrinciplesApplications,
    title = {{Principles , Measurements , and Applications}},
    author = {Macosko, Christopher W}
}

@article{Martin2009Printer-FriendlySchedule,
    title = {{Printer-Friendly Caltrain Schedule}},
    year = {2009},
    author = {Martin, San and Hill, Morgan and Hill, Blossom and Diridon, San Jose},
    pages = {8--9}
}

@article{Martin2009Printer-FriendlyScheduleb,
    title = {{Printer-Friendly Caltrain Schedule}},
    year = {2009},
    author = {Martin, San and Hill, Morgan and Hill, Blossom and Diridon, San Jose},
    pages = {8--9}
}

@article{Berger2017ProgressDesign,
    title = {{Progress Report for Conceptual Design}},
    year = {2017},
    author = {Berger, Russell and Benkelman, Neil and Farias, Alex and Frattaroli, Francesca and Peterson, Weldon and Wilson, Christopher}
}

@article{Berger2017ProgressDesignb,
    title = {{Progress Report for Conceptual Design}},
    year = {2017},
    author = {Berger, Russell and Benkelman, Neil and Farias, Alex and Frattaroli, Francesca and Peterson, Weldon and Wilson, Christopher}
}

@article{Berger2017ProgressDesignc,
    title = {{Progress Report for Conceptual Design}},
    year = {2017},
    author = {Berger, Russell and Benkelman, Neil and Farias, Alex and Frattaroli, Francesca and Peterson, Weldon and Wilson, Christopher}
}

@article{Berger2017ProgressDesignd,
    title = {{Progress Report for Conceptual Design}},
    year = {2017},
    author = {Berger, Russell and Benkelman, Neil and Farias, Alex and Frattaroli, Francesca and Peterson, Weldon and Wilson, Christopher}
}

@article{AnalysisProjectRubric,
    title = {{Project grading rubric}},
    author = {Analysis, Sensory and Study, Background O F and Analysis, Data},
    number = {10},
    pages = {2--3}
}

@article{Roland2016PropellantSystem,
    title = {{Propellant Electric Feed System}},
    year = {2016},
    author = {Roland, Jorden}
}

@article{Report2014PSASAIRFRAME,
    title = {{PSAS COMPOSITE ROCKET AIRFRAME}},
    year = {2014},
    author = {Report, Final and Members, Team and Advisor, Academic}
}

@misc{PSUAgreement.pdf,
    title = {{PSU PSAS CryogenicFuelTank{\_}Acceptance Agreement.pdf}}
}

@article{TEKUGmbH2001PTFEData,
    title = {{PTFE - fluoroplastic, properties and characteristic data}},
    year = {2001},
    author = {{TEKU GmbH}},
    pages = {9}
}

@article{ParkerHannifin2013PTFEGuide,
    title = {{PTFE Seals Design Guide}},
    year = {2013},
    author = {{Parker Hannifin}},
    pages = {196},
    isbn = {1895535336}
}

@article{Hardie2011PurchaseOrder,
    title = {{Purchase Order}},
    year = {2011},
    author = {Hardie, Sheila},
    number = {994},
    pages = {6301},
    isbn = {9780981443416},
    issn = {0192-2262},
    pmid = {10290710}
}

@article{Hardie2011PurchaseOrderb,
    title = {{Purchase Order}},
    year = {2011},
    author = {Hardie, Sheila},
    number = {994},
    pages = {6301},
    isbn = {9780981443416},
    issn = {0192-2262},
    pmid = {10290710}
}

@article{Park2013PurchaseOrder,
    title = {{Purchase Order}},
    year = {2013},
    author = {Park, Magna and Le, Lutterworth and Ng, Yi Mei},
    pages = {6017}
}

@article{Park2013PurchaseOrderb,
    title = {{Purchase Order}},
    year = {2013},
    author = {Park, Magna and Le, Lutterworth and Ng, Yi Mei}
}

@article{Hardie2011PurchaseOrderc,
    title = {{Purchase Order}},
    year = {2011},
    author = {Hardie, Sheila},
    number = {994},
    pages = {6301},
    isbn = {9780981443416},
    issn = {0192-2262},
    pmid = {10290710}
}

@article{Hardie2011PurchaseOrderd,
    title = {{Purchase Order}},
    year = {2011},
    author = {Hardie, Sheila},
    number = {994},
    pages = {6301},
    isbn = {9780981443416},
    issn = {0192-2262},
    pmid = {10290710}
}

@article{Person2017QuoteMaterial,
    title = {{Quote for Toray Composites Aerospace Grade Material}},
    year = {2017},
    author = {Person, Contact and Farias, Alex},
    pages = {2017}
}

@misc{Quote2_metlbond1515.pdf,
    title = {{quote2{\_}metlbond1515.pdf}}
}

@misc{Quote3_prepreg_typo.pdf,
    title = {{quote3{\_}prepreg{\_}typo.pdf}}
}

@misc{Quote4_prepreg.pdf,
    title = {{quote4{\_}prepreg.pdf}}
}

@misc{Quote5_fabric.pdf,
    title = {{quote5{\_}fabric.pdf}}
}

@misc{Quote_ptfetube_queencitypolymers.pdf,
    title = {{quote{\_}ptfetube{\_}queencitypolymers.pdf}}
}

@article{Sherman2012ReservoirStudy,
    title = {{Reservoir Methane Monitoring and Mitigation - Little Nerang and Hinze Dam Case Study}},
    year = {2012},
    journal = {Urban Water Security Research Alliance Technical Report No. 96},
    author = {Sherman, Bradford and Ford, Phillip and Hunt, Danny and Drury, Chris},
    number = {96},
    keywords = {Hinze Dam, Little Nerang Dam, UWSRA, Urban Water Security Research Alliance, bubble events, methan emissions}
}

@article{Kumar2015RoadReview,
    title = {{Road Traffic Control System in Cloud Computing : A Review}},
    year = {2015},
    author = {Kumar, Kapil},
    number = {3},
    pages = {201--206},
    volume = {8},
    keywords = {cloud computing, gas lit, network, sensor-cloud network, virtualization, wireless sensor}
}

@article{Shibata2011RobotMini-review,
    title = {{Robot therapy: A new approach for mental healthcare of the elderly - A mini-review}},
    year = {2011},
    journal = {Gerontology},
    author = {Shibata, Takanori and Wada, Kazuyoshi},
    number = {4},
    pages = {378--386},
    volume = {57},
    isbn = {1423-0003 (Electronic){\textbackslash}n0304-324X (Linking)},
    doi = {10.1159/000319015},
    issn = {0304324X},
    pmid = {20639620},
    keywords = {Elderly care, Human-robot interaction, Mental commitment robot, Psychotherapy, Robot therapy}
}

@misc{RotatingViscometer,
    title = {{Rotating Viscometer}}
}

@misc{RotationalTypes,
    title = {{Rotational Viscometer types}}
}

@article{RotationalViscometers,
    title = {{rotational viscometers}}
}

@article{Xt2012SafetySheet,
    title = {{Safety data sheet}},
    year = {2012},
    author = {Xt, Pyrogel},
    pages = {1--8}
}

@article{Identification2016Safety1.1,
    title = {{Safety Data Sheet 1. 1.1}},
    year = {2016},
    author = {Identification, Hazards and Measures, First A I D},
    pages = {1--6},
    isbn = {1800424930}
}

@misc{Saturn_v_tank.pdf,
    title = {{saturn{\_}v{\_}tank.pdf}}
}

@article{AiaaSection,
    title = {{Section I : Miscellaneous Grammatical and Style Preferences Lists ( Bulleted or Numbered )}},
    author = {Aiaa, References and Products, Its Primary and Usage, Logo},
    pages = {2--3}
}

@article{Whitesides2008SelectionValves,
    title = {{Selection and Sizing of Pressure Relief Valves}},
    year = {2008},
    author = {Whitesides, Randall W and Outline, Course and Nomenclature, Equation},
    pages = {1--31},
    volume = {112}
}

@article{Corporation2005SerialSpecification,
    title = {{Serial Command Interface ( SCI ) Specification}},
    year = {2005},
    author = {Corporation, Robot and Corporation, Robot}
}

@misc{ShearDiagrams-Viscometer,
    title = {{Shear Diagrams-Viscometer}}
}

@article{Hughes2016SoftReview,
    title = {{Soft Manipulators and Grippers: A Review}},
    year = {2016},
    journal = {Frontiers in Robotics and AI},
    author = {Hughes, Josie and Culha, Utku and Giardina, Fabio and G{\"{u}}nther, Fabian and Rosendo, Andre},
    number = {November},
    pages = {1--12},
    volume = {3},
    doi = {10.3389/frobt.2016.00069},
    issn = {2296-9144},
    keywords = {bio inspiration, gripper, manipulation, robosoft grand challenge, soft robotics, soft robotics, manipulation, RoboSoft Grand Challe}
}

@article{GriffithsSolutionManual,
    title = {{Solution Manual}},
    journal = {Quantum},
    author = {Griffiths, David}
}

@misc{SomePosts,
    title = {{Some interesting blog posts}}
}

@article{Course2005SpatialAlgebra,
    title = {{Spatial Vector Algebra}},
    year = {2005},
    author = {Course, Short and Way, The Easy and Dynamics, Rigid Body}
}

@article{PlaneStackContents,
    title = {{Stack Contents}},
    author = {Plane, A Vertical Cut},
    pages = {1--19}
}

@article{ZimmermanStaticTemperatures,
    title = {{Static Tensile and Tensile Creep Testing of Five Ceramic Fibers at Elevated Temperatures Static Tensile and Tensile Creep Testing of Five Ceramic Fibers at Elevated Temperatures}},
    author = {Zimmerman, Richard S and Adams, Donald F},
    number = {April 1989}
}

@article{AuthorSupplementaryTitle,
    title = {{Supplementary Material : Article Title}},
    author = {Author, First},
    pages = {2}
}

@article{FeaturesSupreme10AOHT,
    title = {{Supreme 10AOHT}},
    author = {Features, Key and Bond, Master},
    number = {201},
    pages = {9--10},
    volume = {1}
}

@article{BondSupreme10HTFL,
    title = {{Supreme 10HTFL}},
    author = {Bond, Master},
    number = {201},
    pages = {14--16},
    volume = {1}
}

@article{FeaturesSupreme12AOHT-LO,
    title = {{Supreme 12AOHT-LO}},
    author = {Features, Key and Bond, Master},
    number = {201},
    pages = {1--2},
    volume = {1}
}

@article{LudvigsenTValves,
    title = {{T echnical Principles of Relief Valves Fundamentals of Pressure Relief Valves Ken Ludvigsen Regional Manager Emerson Process Management T echnical Principles of Relief Valves}},
    author = {Ludvigsen, Ken and Manager, Regional and Management, Emerson Process},
    pages = {612--621}
}

@misc{T-table.pdf,
    title = {{T-table.pdf}}
}

@article{Dupont1996TeflonPTFE,
    title = {{Teflon PTFE}},
    year = {1996},
    journal = {Properties Handbook},
    author = {{Dupont}},
    pages = {1--38}
}

@article{Frattaroli2014TheReview,
    title = {{The Dawn of Cloud Robotics - A Mini Review}},
    year = {2014},
    author = {Frattaroli, Francesca and Frattaroli, Francesca},
    pages = {1--7},
    keywords = {automation, cloud computing, cloud robotics, cooperative learning, robotics}
}

@article{Schulz2003TheRatio,
    title = {{The effect of outer cylinder rotation on TaylorâCouette flow at small aspect ratio}},
    year = {2003},
    author = {Schulz, A and Pfister, G and Tavener, S J and Introduction, I},
    number = {2},
    volume = {15},
    doi = {10.1063/1.1532340}
}

@article{Rae2005TheTension,
    title = {{The properties of poly (tetrafluoroethylene)(PTFE) in tension}},
    year = {2005},
    journal = {Polymer},
    author = {Rae, Pj and Brown, En},
    number = {February},
    pages = {8128--8140},
    volume = {46},
    url = {http://www.sciencedirect.com/science/article/pii/S0032386105009572},
    isbn = {0032-3861},
    doi = {10.1016/j.polymer.2005.06.120},
    issn = {00323861},
    keywords = {polytetrafluoroethylene, ptfe, tension}
}

@article{Hidnert1952ThermalAlloys,
    title = {{Thermal expansion of aluminum and some aluminum alloys}},
    year = {1952},
    journal = {Journal of Research of the National Bureau of Standards},
    author = {Hidnert, P. and Krider, H.S.},
    number = {3},
    pages = {209},
    volume = {48},
    url = {http://nvlpubs.nist.gov/nistpubs/jres/048/jresv48n3p209_A1b.pdf},
    doi = {10.6028/jres.048.030},
    issn = {0091-0635}
}

@article{Kirby1956ThermalC,
    title = {{Thermal expansion of polytetrafluoroethylene (Teflon) from -190 to +300 C}},
    year = {1956},
    journal = {Journal of Research of the National Bureau of Standards},
    author = {Kirby, Richard K.},
    number = {2},
    pages = {91},
    volume = {57},
    doi = {10.6028/jres.057.010},
    issn = {0091-0635}
}

@article{ParkTime-optimalPath,
    title = {{Time-optimal time scaling Time-optimal time scaling of a path}},
    author = {Park, Frank and Lynch, Kevin}
}

@article{Lourenco2015TypesStatic,
    title = {{Types of analysis: Linear static, linear dynamic and non linear static}},
    year = {2015},
    author = {Lourenco, Paulo B}
}

@article{Plastics2011TYPICALPTFE,
    title = {{TYPICAL PROPERTIES of PTFE}},
    year = {2011},
    author = {Plastics, Boedeker and Datasheet, Ptfe Polytetrafluoroethylene},
    pages = {9--11}
}

@article{Number1996UnclassifiedNumber,
    title = {{Unclassified ad number}},
    year = {1996},
    author = {Number, a D and Change, N E W Limitation},
    isbn = {3153304432},
    doi = {10.1002/nav.3800080206},
    issn = {03067734}
}

@article{FrattaroliUniversitySheet,
    title = {{University Honors College Thesis Prospectus Seminar Approval Signature Sheet}},
    author = {Frattaroli, Francesca}
}

@article{FrattaroliUniversitySheetb,
    title = {{University Honors College Thesis Prospectus Seminar Approval Signature Sheet}},
    author = {Frattaroli, Francesca}
}

@misc{ViscometerDiagram,
    title = {{Viscometer Diagram}}
}

@misc{ViscometerErrors,
    title = {{Viscometer Potential Errors}}
}

@misc{ViscosityA,
    title = {{Viscosity Experiment A}}
}

@article{Toolbox2011VisualizingM,
    title = {{Visualizing Manipulators in MATLAB using the Robotics Toolbox Appendix : wam {\_} demo . m}},
    year = {2011},
    author = {Toolbox, Robotics and Matlab, Start and Toolbox, Robotics and The, Description and Toolbox, Robotics and Ur, Universal and Toolbox, The Robotics and Corke, Peter},
    isbn = {3642201431}
}

@article{Make2001Warranty:,
    title = {{Warranty Period : LIMITED MANUFACTURER ' S WARRANTY . Special Handling for Warranties :}},
    year = {2001},
    author = {Make, T O and Products, Their and Not, Does and Or, Represent and That, Warrant and Product, A N Y and Advertises, I T and Sells, O R and Free, I S and Related, Date and Resulting, Errors and The, From and Of, Turn and Century, T H E and By, Furnished and Manufacturer, T H E and Provided, I S and End, T O and Act, This and Reduce, M A Y and Legal, Your and Regarding, Rights}
}

@article{Gonzales2015We,
    title = {{We need more information before you can complete an application for the Marketplace Where can I find more information ?}},
    year = {2015},
    author = {Gonzales, Rhia},
    pages = {1--5},
    isbn = {4564105234945}
}

@article{Bates2017WetBiology,
    title = {{Wet Lab Accelerator: A Web-Based Application Democratizing Laboratory Automation for Synthetic Biology}},
    year = {2017},
    journal = {ACS Synthetic Biology},
    author = {Bates, Maxwell and Berliner, Aaron J. and Lachoff, Joe and Jaschke, Paul R. and Groban, Eli S.},
    number = {1},
    month = {1},
    pages = {167--171},
    volume = {6},
    url = {http://pubs.acs.org/doi/abs/10.1021/acssynbio.6b00108},
    doi = {10.1021/acssynbio.6b00108},
    issn = {2161-5063}
}

@article{Frattaroli2015What,
    title = {{What are the results of my application ? What should I do next ?}},
    year = {2015},
    author = {Frattaroli, Francesca},
    pages = {1--13},
    isbn = {3553697075},
    keywords = {Eligibility Results Notice,form,health,insurance,m}
}

@article{2017Winter2017,
    title = {{Winter 2017}},
    year = {2017},
    pages = {1--6},
    volume = {2017}
}

@article{2017Winter2017b,
    title = {{Winter 2017}},
    year = {2017},
    number = {February},
    pages = {1--6},
    volume = {2017}
}